@book{Olver,
	title={Applications of Lie groups to differential equations},
	author={P. J. Olver},
	volume={107},
	year={1993},
	publisher={Springer-Verlag New York},
	series= {Graduate texts in mathematics},
	edition ={2},
	isbn={978-0-387-95000-6},
}

@article{LeGorrec2005,
	author = {Y. Le~Gorrec and H. Zwart and B. Maschke},
	journal = {SIAM Journal on Control and Optimization},
	number = {5},
	pages = {1864--1892},
	title = {{Dirac structures and Boundary Control Systems associated with Skew-Symmetric Differential Operators}},
	url = {https://doi.org/10.1137/040611677},
	volume = {44},
	year = {2005}
}

@article{ORTEGAsurvey,
	title = "Interconnection and Damping Assignment Passivity-Based Control: A Survey",
	journal = "European Journal of Control",
	volume = "10",
	number = "5",
	pages = "432 - 450",
	year = "2004",
	author = "Romeo Ortega and Eloísa García-Canseco",
	keywords = "Hamiltonian Systems, Interconnection, Non-linear Systems, Passivity, Passivity-Based Control, Stabilization"
}

@article{ArnoldElasDyn,
	author = {Arnold, D. and Lee, J.},
	title = {Mixed Methods for Elastodynamics with Weak Symmetry},
	journal = {SIAM Journal on Numerical Analysis},
	volume = {52},
	number = {6},
	pages = {2743-2769},
	year = {2014},
	doi = {10.1137/13095032X},
}

@article{becache,
	author = {Becache, Eliane and Joly, Patrick and Tsogka, Chrysoula},
	year = {2001},
	month = {06},
	pages = {2109-2132},
	title = {A New Family of Mixed Finite Elements for the Linear Elastodynamic Problem},
	volume = {39},
	journal = {SIAM Journal on Numerical Analysis},
	doi = {10.1137/S0036142999359189}
}

@article{phode_red,
	author = {Chaturantabut, S. and Beattie, C. and Gugercin, S.},
	title = {Structure-Preserving Model Reduction for Nonlinear Port-Hamiltonian Systems},
	journal = {SIAM Journal on Scientific Computing},
	volume = {38},
	number = {5},
	pages = {B837-B865},
	year = {2016},
	doi = {10.1137/15M1055085},
}

@article{phdae_red,
	author = {Egger, H. and Kugler, T. and Liljegren-Sailer, B. and Marheineke, N. and Mehrmann, V.},
	title = {On Structure-Preserving Model Reduction for Damped Wave Propagation in Transport Networks},
	journal = {SIAM Journal on Scientific Computing},
	volume = {40},
	number = {1},
	pages = {A331-A365},
	year = {2018},
	doi = {10.1137/17M1125303},
}

@article{KOTYCZKA2013445,
	title = "On the equivalence of two nonlinear control approaches: Immersion and invariance and IDA-PBC",
	journal = "European Journal of Control",
	volume = "19",
	number = "6",
	pages = "445 - 453",
	year = "2013",
	note = "Lagrangian and Hamiltonian Methods for Modelling and Control",
	doi = "https://doi.org/10.1016/j.ejcon.2013.09.008",
	author = "Paul Kotyczka and Ioannis Sarras",
	keywords = "Underactuated mechanical systems, Port-Hamiltonian systems, Passivity based control, Immersion and invariance"
}

@ARTICLE{PHadaptive,
	author={S. P. {Nageshrao} and G. A. D. {Lopes} and D. {Jeltsema} and R. {Babuška}},
	journal={IEEE Transactions on Automatic Control},
	title={Port-Hamiltonian Systems in Adaptive and Learning Control: A Survey},
	year={2016},
	volume={61},
	number={5},
	pages={1223-1238},
	keywords={adaptive control;learning (artificial intelligence);learning systems;stability;port-Hamiltonian systems;learning control;adaptive control;PH theory;nonlinear control techniques;machine learning;iterative learning;stability guarantees;convergence guarantees;physical systems;Adaptation models;Adaptive control;Control systems;Mathematical model;Standards;Damping;Iterative methods;Passivity-based control (PBC);Port-Hamiltonian (PH);reinforcement learning (RL)},
	doi={10.1109/TAC.2015.2458491},
	ISSN={},
	month={May},
}

@article{Golo,
	author = {Golo, G. and Talasila, V. and van der Schaft, A. J. and Maschke, B.},
	title = {{H}amiltonian Discretization of Boundary Control Systems},
	journal = {Automatica},
	issue_date = {May, 2004},
	volume = {40},
	number = {5},
	month = may,
	year = {2004},
	pages = {757--771},
	numpages = {15},
	publisher = {Pergamon Press, Inc.},
	address = {Tarrytown, NY, USA},
	keywords = {Boundary control, Finite elements, Port-Hamiltonian systems, Spatial discretization},
} 

@article{moulla:hal-01625008,
	TITLE = {Pseudo-spectral methods for the spatial symplectic reduction of open systems of conservation laws},
	AUTHOR = {Moulla, R. and Lefevre, L. and Maschke, B.},
	JOURNAL = {{Journal of Computational Physics}},
	PUBLISHER = {{Elsevier}},
	VOLUME = {231},
	NUMBER = {4},
	PAGES = {1272-1292},
	YEAR = {2012},
}

@article{Trenchant,
	author = {Trenchant, Vincent and Ramírez, Hector and Le Gorrec, Yann and Kotyczka, Paul},
	year = {2018},
	month = {06},
	pages = {},
	title = {Finite differences on staggered grids preserving the port-{H}amiltonian structure with application to an acoustic duct},
	volume = {373},
	journal = {Journal of Computational Physics},
	doi = {10.1016/j.jcp.2018.06.051}
}

@article{WeakForm_Kot,
	title = "Weak form of {S}tokes-{D}irac structures and geometric discretization of port-{H}amiltonian systems",
	journal = "Journal of Computational Physics",
	volume = "361",
	pages = "442 - 476",
	year = "2018",
	author = "Kotyczka, P. and Maschke, B. and Lefèvre, L.",
	keywords = "Systems of conservation laws with boundary energy flows, Port-Hamiltonian systems, Mixed Galerkin methods, Geometric spatial discretization, Structure-preserving discretization"
}

