@phdthesis{augner2016stabilization,
	title={Stabilization of infinite-dimensional port-{H}amiltonian systems via dissipative boundary feedback},
	author={Augner, B. and Jacob, B.},
	year={2016},
	school={Ph. D. dissertation, Bergische Universit{\"a}t Wuppertal, 2016}
}

@INPROCEEDINGS{MacchelliMindlin, 
	author={Macchelli, A. and Melchiorri, C. and Bassi, L.}, 
	booktitle={Proceedings of the 44th IEEE Conference on Decision and Control}, 
	title={Port-based Modelling and Control of the {M}indlin Plate}, 
	year={2005}, 
	volume={}, 
	number={}, 
	pages={5989-5994}, 
	keywords={Boundary conditions;Damping;Distributed control;Distributed parameter systems;Elasticity;Electromagnetic heating;Fluid dynamics;Mechanical systems;Piezoelectricity;Power system interconnection}, 
	month={Dec},}

@article{beattie2018linear,
	title={Linear port-{H}amiltonian descriptor systems},
	author={Beattie, C. and Mehrmann, V. and Xu, H. and Zwart, H.},
	journal={Mathematics of Control, Signals, and Systems},
	volume={30},
	number={4},
	pages={17},
	year={2018},
	publisher={Springer}
}


@incollection{vanderSchaft2013,
author="van der Schaft, A. J. ",
title="Port-{H}amiltonian Differential-Algebraic Systems",
booktitle="Surveys in Differential-Algebraic Equations I",
year="2013",
publisher="Springer Berlin Heidelberg",
address="Berlin, Heidelberg",
pages="173--226",
}

@article{mindlin,
	title={Influence of {R}otatory {I}nertia and {s}hear on {F}lexural {M}otions of {I}sotropic {E}lastic {P}lates},
	author={Mindlin, R. D.},
	journal={Journal of Applied Mechanics},
	pages={31-38},
	year={1951},
	month={March},
	volume = {18}
}

@article{SCHOBERL2015610,
	title = "Lagrangian and Port-{H}amiltonian formulation for Distributed-parameter systems",
	journal = "IFAC-PapersOnLine",
	volume = "48",
	number = "1",
	pages = "610 - 615",
	year = "2015",
	note = "8th Vienna International Conference on Mathematical Modelling",
	doi = "https://doi.org/10.1016/j.ifacol.2015.05.025",
	author = "Schöberl, M. and Schlacher, K.",
	keywords = "Differential geometric methods, Lagrangian and Hamiltonian Systems, Partial differential equations"
}

@INPROCEEDINGS{SchobertMindlin, 
	author={Schöberl, M. and Siuka, A.}, 
	booktitle={2013 European Control Conference (ECC)}, 
	title={Analysis and comparison of port-{H}amiltonian formulations for field theories - demonstrated by means of the {M}indlin plate}, 
	year={2013}, 
	volume={}, 
	number={}, 
	pages={548-553}, 
	keywords={partial differential equations;variational techniques;Lagrangian framework;Mindlin plate;Stokes-Dirac structures;boundary conditions;bundle structure;distributed parameter system;field theories;motion equations;partial differential equations;port-Hamiltonian formulations;two-dimensional spatial domain;variational principle;Boundary conditions;DH-HEMTs;Equations;Mathematical model;Partial differential equations;Tensile stress;Vectors}, 
	doi={10.23919/ECC.2013.6669137}, 
	month={July},
}


@article{KOTYCZKA2016298,
	title = "Finite Volume Structure-Preserving Discretization of 1D Distributed-Parameter Port-{H}amiltonian Systems",
	journal = "IFAC-PapersOnLine",
	volume = "49",
	number = "8",
	pages = "298 - 303",
	year = "2016",
	note = "2nd IFAC Workshop on Control of Systems Governed by Partial Differential Equations CPDE 2016",
	doi = "10.1016/j.ifacol.2016.07.457",
	author = "Kotyczka, P.",
	keywords = "Port-Hamiltonian systems, systems of conservation laws, distributed-parameter systems, semi-discretiziation, finite volume methods"
}

@article{WeakForm_Kot,
title = "Weak form of {S}tokes-{D}irac structures and geometric discretization of port-{H}amiltonian systems",
journal = "Journal of Computational Physics",
volume = "361",
pages = "442 - 476",
year = "2018",
author = "Kotyczka, P. and Maschke, B. and Lefèvre, L.",
keywords = "Systems of conservation laws with boundary energy flows, Port-Hamiltonian systems, Mixed Galerkin methods, Geometric spatial discretization, Structure-preserving discretization"
}

@article{Golo,
author = {Golo, G. and Talasila, V. and van der Schaft, A. J. and Maschke, B.},
title = {{H}amiltonian Discretization of Boundary Control Systems},
journal = {Automatica},
issue_date = {May, 2004},
volume = {40},
number = {5},
month = may,
year = {2004},
pages = {757--771},
numpages = {15},
publisher = {Pergamon Press, Inc.},
address = {Tarrytown, NY, USA},
keywords = {Boundary control, Finite elements, Port-Hamiltonian systems, Spatial discretization},
} 

@book{bookPHs,
	title = "Modeling and Control of Complex Physical Systems",
	keywords = "IR-71392, METIS-268955, System Theory, EWI-17302, Port Hamiltonian Systems, Geoplex, Control",
	author = "Duindam, V. and Macchelli, A. and Stramigioli, S. and Bruyninckx, H.",
	year = "2009",
	publisher = "Springer Verlag",
}

@article{Trenchant,
author = {Trenchant, Vincent and Ramírez, Hector and Le Gorrec, Yann and Kotyczka, Paul},
year = {2018},
month = {06},
pages = {},
title = {Finite differences on staggered grids preserving the port-{H}amiltonian structure with application to an acoustic duct},
volume = {373},
journal = {Journal of Computational Physics},
doi = {10.1016/j.jcp.2018.06.051}
}

@article{moulla:hal-01625008,
	TITLE = {Pseudo-spectral methods for the spatial symplectic reduction of open systems of conservation laws},
	AUTHOR = {Moulla, R. and Lefevre, L. and Maschke, B.},
	JOURNAL = {{Journal of Computational Physics}},
	PUBLISHER = {{Elsevier}},
	VOLUME = {231},
	NUMBER = {4},
	PAGES = {1272-1292},
	YEAR = {2012},
	}

@inbook{PHbookShaft,
year = {2014},
volume = {1},
journal = {Foundations and Trends® in Systems and Control},
title = {Port-{H}amiltonian Systems Theory: An Introductory Overview},
doi = {10.1561/2600000002},
number = {2-3},
pages = {173-378},
author = {van der Schaft, A. J. and Jeltsema, D.}
}

@book{LoggMardalEtAl2012,
	title = {Automated Solution of Differential Equations by the Finite Element Method},
	author = {Logg, A. and Mardal, K. A. and Wells, G. N. and others},
	year = {2012},
	publisher = {Springer},
	}

@phdthesis{Villegas,
	title = "A Port-{H}amiltonian Approach to Distributed Parameter Systems",
	keywords = "EWI-10038, IR-57842, METIS-241658",
	author = "Villegas, J.A.",
	year = "2007",
	month = "May",
	school = "University of Twente",
}


@article{VANDERSCHAFT2002166,
	title = "{H}amiltonian formulation of distributed-parameter systems with boundary energy flow",
journal = "Journal of Geometry and Physics",
volume = "42",
number = "1",
pages = "166 - 194",
year = "2002",
doi = "10.1016/S0393-0440(01)00083-3",
author = "van der Schaft, A.J. and Maschke, B.",
keywords = "Distributed-parameter systems, Hamiltonian systems, Boundary variables, Dirac structures, Stokes’ theorem, Conservation laws"
}


@article{SESLIJA20121509,
	title = "Discrete exterior geometry approach to structure-preserving discretization of distributed-parameter port-{H}amiltonian systems",
	journal = "Journal of Geometry and Physics",
	volume = "62",
	number = "6",
	pages = "1509 - 1531",
	year = "2012",
	author = "Seslija, M. and van der Schaft, A. J. and  Scherpen, J. M.",
	keywords = "Port-{H}amiltonian system, Dirac structure, Structure-preserving discretization"
}

@article{articleFlavio,
	volume = {69},
	month = {February},
	author = {Cardoso-Ribeiro, F. L. and Matignon, D. and Pommier-Budinger, V.},
	title = {A port-{H}amiltonian model of liquid sloshing in moving containers and application to a fluid-structure system},
	publisher = {Elsevier},
	journal = {Journal of Fluids and Structures},
	pages = {402--427},
	year = {2017},
	keywords = {Port-Hamiltonian systems - Shallow-water sloshing - Moving container - Dynamic coupling - Interconnection of systems - Active control},
	doi = {10.1016/j.jfluidstructs.2016.12.007}
}

@INPROCEEDINGS{confFlavio,
booktitle = {2nd IFAC Workshop on Control of Systems Governed by Partial Differential Equations CPDE 2016},
title = {Piezoelectric beam with distributed control ports: a power-preserving discretization using weak formulation},
author = {Cardoso-Ribeiro, F. L. and Matignon, D. and Pommier-Budinger, V.},
address = {Bertinoro, IT},
year = {2016},
pages = {290--297},
keywords = {Model Reduction for Control - Port-Hamiltonian systems - Piezoelectric materials},
doi = {10.1016/j.ifacol.2016.07.456}
}

@article{KOTYCZKA2016298,
	title = "Finite Volume Structure-Preserving Discretization of 1D Distributed-Parameter Port-{H}amiltonian Systems",
	journal = "IFAC-PapersOnLine",
	volume = "49",
	number = "8",
	pages = "298 - 303",
	year = "2016",
	note = "2nd IFAC Workshop on Control of Systems Governed by Partial Differential Equations CPDE 2016",
	doi = "10.1016/j.ifacol.2016.07.457",
	author = "Kotyczka, P.",
	keywords = "Port-Hamiltonian systems, systems of conservation laws, distributed-parameter systems, semi-discretiziation, finite volume methods"
}

@inproceedings{CardosoRibeiro2018,
	booktitle = {6th IFAC Workshop on Lagrangian and Hamiltonian Methods for Nonlinear Control},
	title = {A structure-preserving Partitioned Finite Element Method for the 2D wave equation},
	author = {Cardoso-Ribeiro, F. L. and Matignon, D. and Lef{\`e}vre, L.},
	address = {Valpara{\'i}so, CL},
	year = {2018},
	pages = {1--6},
	keywords = {Distributed Parameter systems - Port-Hamiltonian systems, Finite Element Method - Geometric Discretization Methods - 2D Wave equation}
}


@misc{Oslo,
	author        = {Rusten, T.},
	title         = {Lecture notes in The {F}inite {E}lement {M}ethod in
	Solid Mechanics II},
	month         = {February},
	year          = {2008},
	publisher={University of Oslo}
}

@article{LeGorrec2005,
	author = {Le~Gorrec, Y. and Zwart, H. and  Maschke, B.},
	doi = {10.1137/040611677},
	journal = {SIAM Journal on Control and Optimization},
	number = {5},
	pages = {1864--1892},
	title = {{Dirac structures and Boundary Control Systems associated with Skew-Symmetric Differential Operators}},
	volume = {44},
	year = {2005}
}

@article{Cervera2007,
	author = {Cervera, J. and van der Schaft, A. J.  and Ba{\~{n}}os, A.},
	doi = {10.1016/J.AUTOMATICA.2006.08.014},
	journal = {Automatica},
	month = {feb},
	number = {2},
	pages = {212--225},
	publisher = {Pergamon},
	title = {{Interconnection of port-{H}amiltonian systems and composition of Dirac structures}},
	volume = {43},
	year = {2007}
}

@inproceedings{ShaftIntInfinite,
	title = "Composition of infinite-dimensional {D}irac structures",
keywords = "MSC-93C25, MSC-46C20, IR-66606, METIS-237614, EWI-8148",
author = "Kurula, M. and van der Schaft, A. J. and  Zwart, H.",
year = "2006",
month = "7",
day = "28",
publisher = "Erasmus University Rotterdam",
pages = "27--32",
editor = "Y Yamamoto",
booktitle = "17th International Symposium Mathematical on Theory of Networks and Systems (MTNS 2006)",
}

@inproceedings{vanderShaftintFinInf,
author = { Pasumarthy, R. and van der Schaft, A. J.},
booktitle = {Proceedings of the 16th International Symposium on Mathematical Theory of Networks and Systems (MTNS)},
keywords = {EWI-16820,IR-69163,METIS-220145},
publisher = {Katholieke Universiteit Leuven},
title = {On interconnections of infinite-dimensional port-{H}amiltonian systems},
year = {2004},
month = {july}
}


@book{BookZwart,
	title = "Linear Port-Hamiltonian Systems on Infinite-dimensional Spaces",
keywords = "EWI-22226, METIS-289681",
author = "Jacob, B. and Zwart, H.",
year = "2012",
doi = {10.1007/978-3-0348-0399-1},
series = "Operator Theory: Advances and Applications",
publisher = "Springer Verlag",
number = "223",
address = "Germany",
}

@article{Mehrmann2018,
author = {Egger, H. and Kugler, T. and Liljegren-Sailer, B. and Marheineke, N. and Mehrmann, V.},
title = {On Structure-Preserving Model Reduction for Damped Wave Propagation in Transport Networks},
journal = {SIAM Journal on Scientific Computing},
volume = {40},
number = {1},
pages = {A331-A365},
year = {2018},
doi = {10.1137/17M1125303},
}

@book{Grinfield,
author = {Grinfeld, M.},
publisher = {John Wiley \& Sons Inc},
title = {Mathematical Tools for Physicists},
edition ={2nd},
year = {2015},
chapter = {16},
month = {jan},
}

@unpublished{BrugnoliMin,
	title = {\textit{Port-{H}amiltonian formulation and symplectic discretization of plate models. {P}art {I} : Mindlin model for thick plates}},
	author = {Brugnoli, A. and Alazard, D. and Pommier-Budinger, V. and Matignon, D.},
	year = {2018},
	note ={arXiv preprint:1809.11131, Accepted for publication},
}

@unpublished{BrugnoliKir,
	title = {Port-{H}amiltonian formulation and symplectic discretization of plate models. {P}art {II} : Kirchhoff model for thin plates},
	author = {Brugnoli, A. and Alazard, D. and Budinger, V. and Matignon, D.},
	year = {2018},
	note ={arXiv preprint:1809.11136, Under Revision},
}

@article{waveEqZwart,
	author = {Kurula, M. and Zwart, H.},
	title = {Linear wave systems on n-D spatial domains},
	journal = {International Journal of Control},
	volume = {88},
	number = {5},
	pages = {1063-1077},
	year  = {2015},
	publisher = {Taylor & Francis},
}


@article{duran1999approximation,
	title={Approximation of the vibration modes of a plate by {R}eissner-{M}indlin equations},
	author={R. Dur{\'a}n and L. Hervella-Nieto and E. Liberman and J. Solomin},
	journal={Mathematics of Computation of the American Mathematical Society},
	volume={68},
	number={228},
	pages={1447--1463},
	year={1999}
}

@article{dawe1980rayleigh,
	title={{R}ayleigh-{R}itz vibration analysis of {M}indlin plates},
	author={D.J. Dawe and O.L. Roufaeil},
	journal={Journal of Sound and Vibration},
	volume={69},
	number={3},
	pages={345--359},
	year={1980},
	publisher={Elsevier}
}

@article{huang1984nine,
	title={A nine node {L}agrangian {M}indlin plate element with enhanced shear interpolation},
	author={H.C. Huang and E. Hinton},
	journal={Engineering Computations},
	volume={1},
	number={4},
	pages={369--379},
	year={1984},
	publisher={MCB UP Ltd}
}