@INPROCEEDINGS{BrugnoliCDC, 
	author = {Brugnoli, A. and Alazard, D. and Pommier-Budinger, V. and Matignon, D.},
	booktitle={Proceedings of the 59th IEEE Conference on Decision and Control}, 
	title={Interconnection of the {K}irchhoff plate within the port-{H}amiltonian framework}, 
	year={2019}, 
	volume={}, 
	number={}, 
	month={Dec},}

@INPROCEEDINGS{CardosoCDC, 
	author = {Cardoso-Ribeiro, F. L. and Brugnoli, A. and Matignon, D. and Lef{\`e}vre, L.},
	booktitle={Proceedings of the 59th IEEE Conference on Decision and Control}, 
	title={Port-{H}amiltonian modeling, discretization and feedback control of a circular water tank}, 
	year={2019}, 
	volume={}, 
	number={}, 
	month={Dec},}


@unpublished{BrugnoliWC,
	title = "Partitioned Finite Element Method for	Power-Preserving Structured Discretization	with Mixed Boundary Conditions",
	author = "Brugnoli, A. and Cardoso-Ribeiro, F. L. and Haine G. and Kotyzca P.",
	note = "Submitted to the 21st IFAC World congress"
}