@article{BRUGNOLI2019940,
	title = "Port-{H}amiltonian formulation and symplectic discretization of plate models. {P}art {I}: Mindlin model for thick plates",
	journal = "Applied Mathematical Modelling",
	volume = "75",
	pages = "940 - 960",
	year = "2019",
	issn = "0307-904X",
	doi = "10.1016/j.apm.2019.04.035",
	author = "Brugnoli, A. and Alazard, D. and Pommier-Budinger, V. and Matignon, D.",
	keywords = "Port-Hamiltonian systems, Mindlin–Reissner plate, Partitioned Finite Element Method, Geometric spatial discretization, Boundary control",
}

@article{BRUGNOLI2019961,
	title = "Port-{H}amiltonian formulation and symplectic discretization of plate models. {P}art {II}: Kirchhoff model for thin plates",
	journal = "Applied Mathematical Modelling",
	volume = "75",
	pages = "961 - 981",
	year = "2019",
	issn = "0307-904X",
	doi = "10.1016/j.apm.2019.04.036",
	author = "Brugnoli, A. and Alazard, D. and Pommier-Budinger, V. and Matignon, D.",
	keywords = "Port-Hamiltonian systems, Kirchhoff plate, Partitioned Finite Element Method, Geometric spatial discretization, Boundary control"
}

@article{rathgeber2017firedrake,
	title={Firedrake: automating the finite element method by composing abstractions},
	author={Rathgeber, F. and Ham, D.A. and Mitchell, L. and Lange, M. and Luporini, F. and McRae, A. T.T. and Bercea, G.T. and Markall, G. R. and Kelly, P.H.J.},
	journal={ACM Transactions on Mathematical Software (TOMS)},
	volume={43},
	number={3},
	pages={24},
	year={2017},
	publisher={ACM}
}

@article{firedrake_extruded,
	author = {McRae, A. T. T. and Bercea, G.-T. and Mitchell, L. and Ham, D. A. and Cotter, C. J.},
	title = {Automated Generation and Symbolic Manipulation of Tensor Product Finite Elements},
	journal = {SIAM Journal on Scientific Computing},
	volume = {38},
	number = {5},
	pages = {S25-S47},
	year = {2016},
	doi = {10.1137/15M1021167},	
}

@article{ArnoldWeak,
	author = {Arnold, D. and Lee, J.},
	title = {Mixed Methods for Elastodynamics with Weak Symmetry},
	journal = {SIAM Journal on Numerical Analysis},
	volume = {52},
	number = {6},
	pages = {2743-2769},
	year = {2014},
}

@article{ArnoldStrong,
	author="Arnold, Douglas N.
	and Douglas, Jim
	and Gupta, Chaitan P.",
	title="A family of higher order mixed finite element methods for plane elasticity",
	journal="Numerische Mathematik",
	year="1984",
	month="Feb",
	day="01",
	volume="45",
	number="1",
	pages="1--22",
	issn="0945-3245",
	doi="10.1007/BF01379659",
}

@book{boffi2013mixed,
	title={Mixed finite element methods and applications},
	author={Boffi, Daniele and Brezzi, Franco and Fortin, Michel and others},
	volume={44},
	publisher={Springer}
}

@article{becacheElas,
	author = {Bécache, E. and Joly, P. and Tsogka, C.},
	year = {2001},
	month = {06},
	pages = {2109-2132},
	title = {A New Family of Mixed Finite Elements for the Linear Elastodynamic Problem},
	volume = {39},
	journal = {SIAM Journal on Numerical Analysis},
	doi = {10.1137/S0036142999359189}
}

@article{becacheWave,
	author = {Bécache, E. and Joly, P. and Tsogka, C.},
	title = {An Analysis of New Mixed Finite Elements for the Approximation of Wave Propagation Problems},
	journal = {SIAM Journal on Numerical Analysis},
	volume = {37},
	number = {4},
	pages = {1053-1084},
	year = {2000},
	doi = {10.1137/S0036142998345499},
}

@article{WeakForm_Kot,
	title = "Weak form of {S}tokes-{D}irac structures and geometric discretization of port-{H}amiltonian systems",
	journal = "Journal of Computational Physics",
	volume = "361",
	pages = "442 - 476",
	year = "2018",
	issn = "0021-9991",
	doi = "10.1016/j.jcp.2018.02.006",
	author = "P. Kotyczka and B. Maschke and L. Lefèvre",
	keywords = "Systems of conservation laws with boundary energy flows, Port-Hamiltonian systems, Mixed Galerkin methods, Geometric spatial discretization, Structure-preserving discretization"
}

@inproceedings{CardosoRibeiro2018,
	booktitle = {6th IFAC Workshop on Lagrangian and Hamiltonian Methods for Nonlinear Control},
	title = {A structure-preserving Partitioned Finite Element Method for the 2{D} wave equation},
	author = {Cardoso-Ribeiro, F. L. and Matignon, D. and Lef{\`e}vre, L.},
	address = {Valpara{\'i}so, CL},
	year = {2018},
	pages = {1--6},
	keywords = {Distributed Parameter systems - Port-Hamiltonian systems, Finite Element Method - Geometric Discretization Methods - 2D Wave equation},
}

@article{mixed_kirchhoff,
	author = {Rafetseder, K. and Zulehner, W.},
	title = {A Decomposition Result for {K}irchhoff Plate Bending Problems and a New Discretization Approach},
	journal = {SIAM Journal on Numerical Analysis},
	volume = {56},
	number = {3},
	pages = {1961-1986},
	year = {2018},
	doi = {10.1137/17M1118427},
}

@article{Blum1990,
	author="Blum, H.
	and Rannacher, R.",
	title="On mixed finite element methods in plate bending analysis",
	journal="Computational Mechanics",
	year="1990",
	month="May",
	day="01",
	volume="6",
	number="3",
	pages="221--236",
	issn="1432-0924",
	doi="10.1007/BF00350239"
}

@book{timoshenko1959theory,
	title={Theory of plates and shells},
	author={S. Timoshenko and S. Woinowsky-Krieger},
	lccn={58059675},
	series={Engineering societies monographs},
	year={1959},
	publisher={McGraw-Hill}
}

@article{mindlinVeiga,
	author = {Beir\~{a}o da Veiga, L. and Mora, D. and Rodríguez, R.},
	title = {Numerical analysis of a locking-free mixed finite element method for a bending moment formulation of {R}eissner-{M}indlin plate model},
	journal = {Numerical Methods for Partial Differential Equations},
	volume = {29},
	number = {1},
	pages = {40-63},
	keywords = {bending moment formulation, error analysis, locking-free finite elements, Reissner-Mindlin},
	doi = {10.1002/num.21698},
	year = {2013}
}

@article{Geveci,
	author = {Geveci, T.},
	title = {On the application of mixed finite element methods to the wave equations},
	doi= "10.1051/m2an/1988220202431",
	journal = {ESAIM: M2AN},
	year = 1988,
	volume = 22,
	number = 2,
	pages = "243-250",
}

@article{arnold2019hellan,
	title={The {H}ellan-{H}errmann-{J}ohnson method with curved elements},
	author={Arnold, D. N. and Walker, S. W.},
	journal={arXiv preprint arXiv:1909.09687},
	year={2019}
}

@book{reddy2006theory,
	title={Theory and analysis of elastic plates and shells},
	author={Reddy, J. N.},
	year={2006},
	publisher={Taylor \& Francis}
}

@article{VANDERSCHAFTdph,
	title = "{H}amiltonian formulation of distributed-parameter systems with boundary energy flow",
	journal = "Journal of Geometry and Physics",
	volume = "42",
	number = "1",
	pages = "166 - 194",
	year = "2002",
	doi = "10.1016/S0393-0440(01)00083-3",
	author = "van der Schaft, A.J. and Maschke, B.",
	keywords = "Distributed-parameter systems, Hamiltonian systems, Boundary variables, Dirac structures, Stokes’ theorem, Conservation laws"
}


@article{mored_waves,
	author = {Egger, H. and Kugler, T. and Liljegren-Sailer, B. and Marheineke, N. and Mehrmann, V.},
	title = {On Structure-Preserving Model Reduction for Damped Wave Propagation in Transport Networks},
	journal = {SIAM Journal on Scientific Computing},
	volume = {40},
	number = {1},
	pages = {A331-A365},
	year = {2018},
	doi = {10.1137/17M1125303},
}

@article{Kirby2015,
	author="Kirby, R. C.
	and Kieu, T. T.",
	title="Symplectic-mixed finite element approximation of linear acoustic wave equations",
	journal="Numerische Mathematik",
	year="2015",
	month="Jun",
	day="01",
	volume="130",
	number="2",
	pages="257--291",
	issn="0945-3245",
	doi="10.1007/s00211-014-0667-4",
}

@article{wave_four,
	title = "Analysis of mixed finite element methods for fourth-order wave equations",
	journal = "Computers & Mathematics with Applications",
	volume = "65",
	number = "1",
	pages = "1 - 16",
	year = "2013",
	issn = "0898-1221",
	doi = "10.1016/j.camwa.2012.10.002",
	author = "Siriguleng He and Hong Li and Yang Liu",
	keywords = "Fourth-order wave equation, Mixed method, Stability, Optimal error estimate",
	abstract = "Mixed finite element methods, explicit and implicit in time, for a fourth-order wave equation are considered in this paper. The optimal error estimates in the L2 norm for velocity and moment and in the H1 norm and L2 norm for displacement are derived. These error estimates are proved by using a special interpolation operator on quasi-uniform rectangular meshes. The stabilities of the two schemes are also analyzed. In addition, three other kinds of mixed scheme are constructed. Numerical examples are provided to verify the theoretical results."
}

@article{HE20131,
	title = "Analysis of mixed finite element methods for fourth-order wave equations",
	journal = "Computers & Mathematics with Applications",
	volume = "65",
	number = "1",
	pages = "1 - 16",
	year = "2013",
	issn = "0898-1221",
	doi = "10.1016/j.camwa.2012.10.002",
	author = "Siriguleng He and Hong Li and Yang Liu",
	keywords = "Fourth-order wave equation, Mixed method, Stability, Optimal error estimate",
	abstract = "Mixed finite element methods, explicit and implicit in time, for a fourth-order wave equation are considered in this paper. The optimal error estimates in the L2 norm for velocity and moment and in the H1 norm and L2 norm for displacement are derived. These error estimates are proved by using a special interpolation operator on quasi-uniform rectangular meshes. The stabilities of the two schemes are also analyzed. In addition, three other kinds of mixed scheme are constructed. Numerical examples are provided to verify the theoretical results."
}