@book{timoshenko1959theory,
	title={Theory of plates and shells},
	author={S. Timoshenko and S. Woinowsky-Krieger},
	lccn={58059675},
	series={Engineering societies monographs},
	url={https://books.google.fr/books?id=rTQFAAAAMAAJ},
	year={1959},
	publisher={McGraw-Hill}
}

@INPROCEEDINGS{MacchelliMindlin, 
	author={A. Macchelli and C. Melchiorri and L. Bassi}, 
	booktitle={Proceedings of the 44th IEEE Conference on Decision and Control}, 
	title={Port-based Modelling and Control of the Mindlin Plate}, 
	year={2005}, 
	volume={}, 
	number={}, 
	pages={5989-5994}, 
	keywords={Boundary conditions;Damping;Distributed control;Distributed parameter systems;Elasticity;Electromagnetic heating;Fluid dynamics;Mechanical systems;Piezoelectricity;Power system interconnection}, 
	doi={10.1109/CDC.2005.1583120}, 
	note = {\url{https://doi.org/10.1109/CDC.2005.1583120}}, 
	ISSN={0191-2216}, 
	month={Dec},}

@article{beattie2017port,
	title={Port-{H}amiltonian descriptor systems},
	author={C. Beattie and V. Mehrmann and H. Xu and H. Zwart},
	journal={arXiv preprint arXiv:1705.09081},
	year={2017}
}

@Inbook{vanderSchaft2013,
author="A. J. van der Schaft",
editor="Ilchmann, Achim
and Reis, Timo",
title="Port-Hamiltonian Differential-Algebraic Systems",
bookTitle="Surveys in Differential-Algebraic Equations I",
year="2013",
publisher="Springer Berlin Heidelberg",
address="Berlin, Heidelberg",
pages="173--226",
abstract="The basic starting point of port-Hamiltonian systems theory is network modeling; considering the overall physical system as the interconnection of simple subsystems, mutually influencing each other via energy flow. As a result of the interconnections algebraic constraints between the state variables commonly arise. This leads to the description of the system by differential-algebraic equations (DAEs), i.e., a combination of ordinary differential equations with algebraic constraints. The basic point of view put forward in this survey paper is that the differential-algebraic equations that arise are not just arbitrary, but are endowed with a special mathematical structure; in particular with an underlying geometric structure known as a Dirac structure. It will be discussed how this knowledge can be exploited for analysis and control.",
isbn="978-3-642-34928-7",
doi="10.1007/978-3-642-34928-7_5",
url="https://doi.org/10.1007/978-3-642-34928-7_5",
note = "\url{https://doi.org/10.1007/978-3-642-34928-7_5}",
}

@article{mindlin,
	title={Influence of rotatory inertia and shear flexural motions of isotropic elastic plates},
	author={R. D. Mindlin},
	journal={Journal of Applied Mechanics},
	pages={31-38},
	year={1951},
	month={March}
}

@inbook{MacchelliModelling,
	title = {Port Hamiltonian formulation of infinite dimensional systems I. Modeling},
	abstract = {In this paper, some new results concerning the modeling of distributed parameter systems in port Hamiltonian form are presented. The classical finite dimensional port Hamiltonian formulation of a dynamical system is generalized in order to cope with the distributed parameter and multivariable case. The resulting class of infinite dimensional systems is quite general, thus allowing the description of several physical phenomena, such as heat conduction, piezoelectricity and elasticity. Furthermore, classical PDEs can be rewritten within this framework. The key point is the generalization of the notion of finite dimensional Dirac structure in order to deal with an infinite dimensional space of power variables.},
	keywords = {IR-69160, METIS-220421, EWI-16813},
	author = {A. Macchelli and A. J. van der Schaft and C. Melchiorri},
	year = {2004},
	month = {12},
	isbn = {0-7803-8682-5},
	publisher = {IEEE},
	pages = {3762--3767},
	booktitle = {Proceedings of the 43rd IEEE Conference on Decision and Control},
	doi ={10.1109/CDC.2004.1429324},
	note = {\url{https://doi.org/10.1109/CDC.2004.1429324}},
}

@article{jetKirchh,
	author = {M. Schöberl and K. Schlacher},
	title = {On the extraction of the boundary conditions and the boundary ports in second-order field theories},
	journal = {Journal of Mathematical Physics},
	volume = {59},
	number = {10},
	pages = {102902},
	year = {2018},
	doi = {10.1063/1.5024847},
	URL = {https://doi.org/10.1063/1.5024847},
	eprint = {https://doi.org/10.1063/1.5024847},
	note = {https://doi.org/10.1063/1.5024847},
}

@incollection{jetMin,
	author="M. Sch{\"o}berl and K. Schlacher",
	editor="Irschik, Hans and Belyaev, Alexander and Krommer, Michael",
	title="Variational {P}rinciples for {D}ifferent {R}epresentations of {L}agrangian and {H}amiltonian {S}ystems",
	booktitle="Dynamics and Control of Advanced Structures and Machines",
	year="2017",
	publisher="Springer International Publishing",
	pages="65--73",
	abstract="In this contribution we show, mainly based on an example, how Hamiltonian counterparts for partial differential equations that allow for a variational principle can be derived in a systematic manner. The main tool will be the appropriate use of the Lagrange multiplier technique, which allows us to obtain several well-known Hamiltonian formulations by using a common principle. The Mindlin plate will be used to visualize the presented approach",
	isbn="978-3-319-43080-5",
	doi="10.1007/978-3-319-43080-5_7",
	url="https://doi.org/10.1007/978-3-319-43080-5_7",
	note="\url{https://doi.org/10.1007/978-3-319-43080-5_7}",
}



@article{KOTYCZKA2016298,
	title = "Finite Volume Structure-Preserving Discretization of 1D Distributed-Parameter Port-{H}amiltonian Systems",
	journal = "IFAC-PapersOnLine",
	volume = "49",
	number = "8",
	pages = "298 - 303",
	year = "2016",
	note = "2nd IFAC Workshop on Control of Systems Governed by Partial Differential Equations CPDE 2016",
	issn = "2405-8963",
	doi = "https://doi.org/10.1016/j.ifacol.2016.07.457",
	url = "http://www.sciencedirect.com/science/article/pii/S2405896316306656",
	note = "\url{https://doi.org/10.1016/j.ifacol.2016.07.457}",
	author = "P. Kotyczka",
	keywords = "Port-Hamiltonian systems, systems of conservation laws, distributed-parameter systems, semi-discretiziation, finite volume methods"
}

@article{WeakForm_Kot,
title = "Weak form of {S}tokes-{D}irac structures and geometric discretization of port-{H}amiltonian systems",
journal = "Journal of Computational Physics",
volume = "361",
pages = "442 - 476",
year = "2018",
issn = "0021-9991",
doi = "https://doi.org/10.1016/j.jcp.2018.02.006",
url = "http://www.sciencedirect.com/science/article/pii/S0021999118300822",
note = "\url{https://doi.org/10.1016/j.jcp.2018.02.006}",
author = "P. Kotyczka and B. Maschke and L. Lefèvre",
keywords = "Systems of conservation laws with boundary energy flows, Port-Hamiltonian systems, Mixed Galerkin methods, Geometric spatial discretization, Structure-preserving discretization"
}

@article{Golo,
	author = {G. Golo and V. Talasila and A. J. van der Schaft and B. Maschke},
	title = {Hamiltonian Discretization of Boundary Control Systems},
	journal = {Automatica},
	issue_date = {May, 2004},
	volume = {40},
	number = {5},
	month = may,
	year = {2004},
	issn = {0005-1098},
	pages = {757--771},
	numpages = {15},
	url = {http://dx.doi.org/10.1016/j.automatica.2003.12.017},
	note = "\url{http://dx.doi.org/10.1016/j.automatica.2003.12.017}",
	doi = {10.1016/j.automatica.2003.12.017},
	acmid = {2239347},
	publisher = {Pergamon Press, Inc.},
	address = {Tarrytown, NY, USA},
	keywords = {Boundary control, Finite elements, Port-Hamiltonian systems, Spatial discretization},
}


@INPROCEEDINGS{Trenchant, 
	author={V. Trenchant and H. Ramirez and Y. Le~Gorrec and P. Kotyczka}, 
	booktitle={2017 American Control Conference (ACC)}, 
	title={Structure preserving spatial discretization of 2D hyperbolic systems using staggered grids finite difference}, 
	year={2017}, 
	volume={}, 
	number={}, 
	pages={2491-2496}, 
	keywords={discrete systems;finite difference methods;geometry;hyperbolic equations;multidimensional systems;2D hyperbolic systems;Dirac structure;boundary port variables;discretization step;finite difference spatial discretization scheme;geometric structure;infinite dimensional hyperbolic systems;port-Hamiltonian structure;staggered grids finite difference;structure preserving spatial discretization;Acoustics;Boundary conditions;Eigenvalues and eigenfunctions;Mathematical model;Numerical models;Propagation;Two dimensional displays;Distributed port-Hamiltonian systems;finite difference method;staggered grids;wave propagation}, 
	doi={10.23919/ACC.2017.7963327}, 
	note = {\url{https://doi.org/10.23919/ACC.2017.7963327}},
	ISSN={}, 
	month={May},}

@article{moulla:hal-01625008,
	TITLE = {{Pseudo-spectral methods for the spatial symplectic reduction of open systems of conservation laws}},
	AUTHOR = {R. Moulla and L. Lefevre and B. Maschke},
	URL = {https://hal.archives-ouvertes.fr/hal-01625008},
	JOURNAL = {{Journal of Computational Physics}},
	PUBLISHER = {{Elsevier}},
	VOLUME = {231},
	NUMBER = {4},
	PAGES = {1272-1292},
	YEAR = {2012},
	DOI = {10.1016/j.jcp.2011.10.008},
	PDF = {https://hal.archives-ouvertes.fr/hal-01625008/file/JCompPhysics_V10.pdf},
	note = "\url{https://doi.org/10.1016/j.jcp.2011.10.008}",
	HAL_ID = {hal-01625008},
	HAL_VERSION = {v1},
}

@inbook{PHbookShaft,
	url = {http://dx.doi.org/10.1561/2600000002},
	note = {\url{http://dx.doi.org/10.1561/2600000002}},
	year = {2014},
	volume = {1},
	journal = {Foundations and Trends® in Systems and Control},
	title = {Port-Hamiltonian Systems Theory: An Introductory Overview},
	doi = {10.1561/2600000002},
	issn = {2325-6818},
	number = {2-3},
	pages = {173-378},
	author = {A. J. van der Schaft and D. Jeltsema}
}

@book{LoggMardalEtAl2012,
title = {Automated Solution of Differential Equations by the Finite Element Method},
author = {A. Logg and K. A. Mardal and G. N. Wells and others},
year = {2012},
publisher = {Springer},
doi = {10.1007/978-3-642-23099-8},
isbn = {978-3-642-23098-1},
note = {\url{https://doi.org/10.1007/978-3-642-23099-8}}
}


@book{FEM_Cook,
	author = {R. D. Cook and D. S. Malkus and M. E. Plesha and R. J. Witt},
	publisher = {John Wiley \& Sons Inc},
	year = {2002},
	month = {Jan},
	title = {Concepts and Applications of Finite Element Analysis: 4th Edition}
}


@article{MacchelliTimo,
	author = {A. Macchelli and C. Melchiorri},
	title = {Modeling and Control of the {T}imoshenko Beam. {T}he Distributed Port Hamiltonian Approach},
	journal = {SIAM Journal on Control and Optimization},
	volume = {43},
	number = {2},
	pages = {743-767},
	year = {2004},
	doi = {10.1137/S0363012903429530},
	URL = {https://doi.org/10.1137/S0363012903429530},
	note = "\url{https://doi.org/10.1137/S0363012903429530}",
	eprint = {https://doi.org/10.1137/S0363012903429530}
}



@article{VANDERSCHAFT2002166,
	title = "Hamiltonian formulation of distributed-parameter systems with boundary energy flow",
	journal = "Journal of Geometry and Physics",
	volume = "42",
	number = "1",
	pages = "166 - 194",
	year = "2002",
	issn = "0393-0440",
	doi = "https://doi.org/10.1016/S0393-0440(01)00083-3",
	url = "http://www.sciencedirect.com/science/article/pii/S0393044001000833",
	note = "\url{https://doi.org/10.1016/S0393-0440(01)00083-3}",
	author = "A.J. van der Schaft and B. Maschke",
	keywords = "Distributed-parameter systems, Hamiltonian systems, Boundary variables, Dirac structures, Stokes’ theorem, Conservation laws"
}


@article{SESLIJA20121509,
	title = "Discrete exterior geometry approach to structure-preserving discretization of distributed-parameter port-Hamiltonian systems",
	journal = "Journal of Geometry and Physics",
	volume = "62",
	number = "6",
	pages = "1509 - 1531",
	year = "2012",
	issn = "0393-0440",
	doi = "https://doi.org/10.1016/j.geomphys.2012.02.006",
	url = "http://www.sciencedirect.com/science/article/pii/S0393044012000423",
	note = "\url{https://doi.org/10.1016/j.geomphys.2012.02.006}",
	author = "M. Seslija and A. J. van der Schaft and J. M. Scherpen",
	keywords = "Port-Hamiltonian system, Dirac structure, Structure-preserving discretization"
}

@article{articleFlavio,
	volume = {69},
	month = {February},
	author = {F. L. Cardoso-Ribeiro and D. Matignon and V. Pommier-Budinger},
	title = {A port-{H}amiltonian model of liquid sloshing in moving containers and application to a fluid-structure system},
	publisher = {Elsevier},
	journal = {Journal of Fluids and Structures},
	pages = {402--427},
	year = {2017},
	keywords = {Port-Hamiltonian systems - Shallow-water sloshing - Moving container - Dynamic coupling - Interconnection of systems - Active control},
	url = {http://oatao.univ-toulouse.fr/17478/},
	note = "\url{http://dx.doi.org/10.1016/j.jfluidstructs.2016.12.007}",
	doi = {http://dx.doi.org/10.1016/j.jfluidstructs.2016.12.007}
}


@article{KOTYCZKA2016298,
	title = "Finite Volume Structure-Preserving Discretization of 1D Distributed-Parameter Port-{H}amiltonian Systems",
	journal = "IFAC-PapersOnLine",
	volume = "49",
	number = "8",
	pages = "298 - 303",
	year = "2016",
	note = "2nd IFAC Workshop on Control of Systems Governed by Partial Differential Equations CPDE 2016",
	issn = "2405-8963",
	doi = "https://doi.org/10.1016/j.ifacol.2016.07.457",
	url = "http://www.sciencedirect.com/science/article/pii/S2405896316306656",
	note = "\url{https://doi.org/10.1016/j.ifacol.2016.07.457}",
	author = "P. Kotyczka",
	keywords = "Port-Hamiltonian systems, systems of conservation laws, distributed-parameter systems, semi-discretiziation, finite volume methods"
}

@inproceedings{CardosoRibeiro2018,
	booktitle = {6th IFAC Workshop on Lagrangian and Hamiltonian Methods for Nonlinear Control},
title = {A structure-preserving Partitioned Finite Element Method for the 2D wave equation},
author = {F. L. Cardoso-Ribeiro and D. Matignon and L. Lef{\`e}vre},
address = {Valpara{\'i}so, CL},
year = {2018},
pages = {1--6},
keywords = {Distributed Parameter systems - Port-Hamiltonian systems, Finite Element Method - Geometric Discretization Methods - 2D Wave equation},
url = {http://oatao.univ-toulouse.fr/19965/},
note = {\url{http://oatao.univ-toulouse.fr/19965}},
}

@misc{Oslo,
	author        = {T. Rusten},
	title         = {Lecture notes in The {F}inite {E}lement {M}ethod in
	Solid Mechanics {II}},
	month         = {February},
	year          = {2008},
	publisher={University of Oslo},
	url={https://www.uio.no/studier/emner/matnat/math/MEK4560/v08/undervisningsmateriale/},
	note = "\url{https://www.uio.no/studier/emner/matnat/math/MEK4560/v08/undervisningsmateriale/}"
}


@article{TONG20132727,
	title = "H$^\infty$ model reduction for port-controlled Hamiltonian systems",
	journal = "Applied Mathematical Modelling",
	volume = "37",
	number = "5",
	pages = "2727 - 2736",
	year = "2013",
	issn = "0307-904X",
	doi = "https://doi.org/10.1016/j.apm.2012.06.031",
	url = "http://www.sciencedirect.com/science/article/pii/S0307904X12003873",
	note = "\url{https://doi.org/10.1016/j.apm.2012.06.031}",
	author = "D. Tong and W. Zhou and Y. Gao and C. Ji and H. Su",
	keywords = "Model reduction, Port-controlled Hamiltonian system,  performance, Continuous-time, Discrete-time"
}

@article{LeGorrec2005,
	author = {Y. Le~Gorrec and H. Zwart and B. Maschke},
	doi = {10.1137/040611677},
	journal = {SIAM Journal on Control and Optimization},
	number = {5},
	pages = {1864--1892},
	title = {{Dirac structures and Boundary Control Systems associated with Skew-Symmetric Differential Operators}},
	url = {https://doi.org/10.1137/040611677},
	note = "\url{https://doi.org/10.1137/040611677}",
	volume = {44},
	year = {2005}
}

@article{Cervera2007,
	author = {J. Cervera and A. J. van der Schaft  and A. Ba{\~{n}}os},
	doi = {10.1016/J.AUTOMATICA.2006.08.014},
	issn = {0005-1098},
	journal = {Automatica},
	month = {feb},
	number = {2},
	pages = {212--225},
	publisher = {Pergamon},
	title = {{Interconnection of port-Hamiltonian systems and composition of Dirac structures}},
	url = {https://www.sciencedirect.com/science/article/pii/S0005109806003682},
	note = "\url{https://doi.org/10.1016/j.automatica.2006.08.014}",
	volume = {43},
	year = {2007}
}


@article{LI2016984,
title = "Hamiltonian system-based analytic modeling of the free rectangular thin plates’ free vibration",
journal = "Applied Mathematical Modelling",
volume = "40",
number = "2",
pages = "984 - 992",
year = "2016",
issn = "0307-904X",
doi = "https://doi.org/10.1016/j.apm.2015.06.019",
url = "http://www.sciencedirect.com/science/article/pii/S0307904X15004023",
author = "R. Li and B. Wang and G. Li and B. Tian",
note = "\url{https://doi.org/10.1016/j.apm.2015.06.019}",
keywords = "Rectangular thin plate, Free vibration, Hamiltonian system, Symplectic superposition method",
abstract = "Analytic free vibration solutions of free rectangular thin plates with or without an elastic foundation are obtained by using an up-to-date Hamiltonian system-based symplectic superposition method. Such boundary value problems are known to be very difficult and they were generally solved by the approximate/numerical methods. The present analytic solutions are expected to be the benchmarks for future verification of other methods. The advantage of the method is that the solution procedure is conducted in the symplectic space, where the symplectic eigen expansion is valid and the predetermination of the solution form is avoided. This significantly extends the approach to the analytic solutions of similar problems."
}


@article{LI2018310,
title = "On new analytic free vibration solutions of rectangular thin cantilever plates in the symplectic space",
journal = "Applied Mathematical Modelling",
volume = "53",
pages = "310 - 318",
year = "2018",
issn = "0307-904X",
doi = "https://doi.org/10.1016/j.apm.2017.09.011",
url = "http://www.sciencedirect.com/science/article/pii/S0307904X17305620",
note = "\url{https://doi.org/10.1016/j.apm.2017.09.011}",
author = "R. Li and P. Wang and Z. Yang and J. Yang and L. Tong",
keywords = "Analytic solution, Free vibration, Cantilever plate, Symplectic space"
}

@article{aoues:hal-01738092,
	booktitle = {6th IFAC Workshop on Lagrangian and Hamiltonian Methods for Nonlinear Control},
	title = {Modeling and Control of a Rotating Flexible Spacecraft: A Port-{H}amiltonian Approach},
	author = {S. Aoues and F. L. Cardoso-Ribeiro and D. Matignon and D. Alazard},
	publisher = {Institute of Electrical and Electronics Engineers (IEEE)},
	year = {2017},
	pages = {1--8},
	journal = {IEEE Transactions on Control Systems Technology},
	keywords = {Flexible Structure - Port Hamiltonian Systems},
	doi = {http://dx.doi.org/10.1109/TCST.2017.2771244},
	url = {http://oatao.univ-toulouse.fr/19970/},
	note = "\url{http://dx.doi.org/10.1109/TCST.2017.2771244}",
}

@book{bookPHs,
	title = "Modeling and Control of Complex Physical Systems",
	keywords = "IR-71392, METIS-268955, System Theory, EWI-17302, Port Hamiltonian Systems, Geoplex, Control",
	author = "V. Duindam and A. Macchelli and S. Stramigioli and H. Bruyninckx",
	year = "2009",
	doi = "10.1007/978-3-642-03196-0",
	note ="\url{https://doi.org/10.1007/978-3-642-03196-0}",
	isbn = "978-3-642-03195-3",
	publisher = "Springer Verlag",
}

@book{BookZwart,
	title = "Linear Port-Hamiltonian Systems on Infinite-dimensional Spaces",
	keywords = "EWI-22226, METIS-289681",
	author = "B. Jacob and H. Zwart",
	year = "2012",
	doi = {10.1007/978-3-0348-0399-1},
	isbn = "978-3-0348-0398-4",
	series = "Operator Theory: Advances and Applications",
	publisher = "Springer Verlag",
	number = "223",
	address = "Germany",
	note = "\url{https://doi.org/10.1007/978-3-0348-0399-1}",
}

@phdthesis{Villegas,
	title = "A Port-Hamiltonian Approach to Distributed Parameter Systems",
	keywords = "EWI-10038, IR-57842, METIS-241658",
	author = "J.A. Villegas",
	year = "2007",
	month = "May",
	isbn = "978-90-365-2489-6",
	school = "University of Twente",
}

@article{DissDenis,
volume = {19},
number = {6},
month = {December},
author = {D. Matignon and T. H{\'e}lie},
title = {A class of damping models preserving eigenspaces for linear conservative port-{H}amiltonian systems},
publisher = {Elsevier},
year = {2013},
journal = {European Journal of control},
pages = {486--494},
keywords = {Energy storage - Port-Hamiltonian systems - Eigenfunctions - Damping - Caughey series - Partial  differential equations - Fractional Laplacian},
url = {http://oatao.univ-toulouse.fr/8969/},
doi = {http://dx.doi.org/10.1016/j.ejcon.2013.10.003},
note = "\url{http://dx.doi.org/10.1016/j.ejcon.2013.10.003}",
}

@article{Gorrec2017,
	author = {Y. Le~Gorrec and H. Zwart and H. Ramirez},
	doi = {10.1016/J.IFACOL.2017.08.1102},
	issn = {2405-8963},
	journal = {IFAC-PapersOnLine},
	mendeley-groups = {PH Papers},
	month = {jul},
	number = {1},
	pages = {5580--5585},
	publisher = {Elsevier},
	title = {Asymptotic stability of an Euler-Bernoulli beam coupled to non-linear spring-damper systems},
	url = {https://www.sciencedirect.com/science/article/pii/S2405896317315896},
	note = "\url{https://doi.org/10.1016/j.ifacol.2017.08.1102}",
	volume = {50},
	year = {2017}
}

@article{stabBeam,
	author = {Augner, Björn and Jacob, Birgit},
	year = {2014},
	month = {12},
	pages = {207-229},
	title = {Stability and Stabilization of Infinite-dimensional Linear Port-{H}amiltonian Systems},
	volume = {3},
	journal = {Evolution Equations and Control Theory},
	doi = {10.3934/eect.2014.3.207},
}

@book{Grinfield,
author = {M. Grinfeld},
publisher = {John Wiley \& Sons Inc},
title = {Mathematical Tools for Physicists},
edition ={2nd},
year = {2015},
month = {jan},
ibsn = {978-3-527-41188-7},
}

@article{LambourgJASA,
          volume = {109},
          number = {4},
          author = {C. Lambourg and A. Chaigne and D. Matignon},
           title = {Time-domain simulation of damped impacted plates. {II}. Numerical model and results},
       publisher = {Acoustical Society of America},
            year = {2001},
         journal = {The Journal of the Acoustical Society of America},
           pages = {1433--1447},
        keywords = {Numerical model},
             url = {http://oatao.univ-toulouse.fr/16163/},
             note = {\url{http://dx.doi.org/10.1121/1.1354201}},
}


@unpublished{BrugnoliMin,
	title = {Port-{H}amiltonian formulation and symplectic discretization of plate models. {P}art {I} : Mindlin model for thick plates},
	author = {A. Brugnoli and D. Alazard and V. Budinger and D. Matignon},
	year = {2018},
    note ={submitted},
}



@article{kurula2012duality,
	title={The duality between the gradient and divergence operators on bounded Lipschitz domains},
	author={M. Kurula and H. Zwart},
	journal={Department of Applied Mathematics, University of Twente Memorandum},
	number={1994},
	year={2012}
}

@article{beattie2018linear,
	title={Linear port-{H}amiltonian descriptor systems},
	author={C. Beattie and V. Mehrmann and H. Xu and H. Zwart},
	journal={Mathematics of Control, Signals, and Systems},
	volume={30},
	number={4},
	pages={17},
	year={2018},
	publisher={Springer}
}

@article{firedrake,
	author =       {M. Homolya and D. A. Ham},
	title =        {A parallel edge orientation algorithm for
	quadrilateral meshes},
	journal =      {SIAM Journal on Scientific Computing},
	year =         {2016},
	volume =       {38},
	number =       {5},
	pages =        {S48--S61},
	doi =          {10.1137/15M1021325},
	archiveprefix ={arXiv},
	eprint =       {1505.03357},
	primaryclass = {cs.MS},
	url =          {http://arxiv.org/abs/1505.03357},
	note = {\url{http://arxiv.org/abs/1505.03357}}
}

@book{LoggMardalEtAl2012,
	title = {Automated Solution of Differential Equations by the Finite Element Method},
	author = {A. Logg and K. A. Mardal and G. N. Wells and others},
	year = {2012},
	publisher = {Springer},
	isbn = {978-3-642-23098-1},
	doi = {10.1007/978-3-642-23099-8},
	note = {\url{https://doi.org/10.1007/978-3-642-23099-8}},
}

@article{KirbyFE,
	author = {R. Kirby},
	year = {2017},
	month = {06},
	pages = {},
	title = {A general approach to transforming finite elements},
	volume = {4},
	journal = {SMAI Journal of Computational Mathematics},
	doi = {10.5802/smai-jcm.33}
}

@article{Bell,
	author = {K. Bell},
	title = {A refined triangular plate bending finite element},
	journal = {International Journal for Numerical Methods in Engineering},
	volume = {1},
	number = {1},
	pages = {101-122},
	doi = {10.1002/nme.1620010108},
	url = {https://onlinelibrary.wiley.com/doi/abs/10.1002/nme.1620010108},
	year = {1969},
	note = {\url{https://onlinelibrary.wiley.com/doi/abs/10.1002/nme.1620010108}}
}

@article{LimEigen,
	title = "On new symplectic elasticity approach for exact free vibration solutions of rectangular {K}irchhoff plates",
	journal = "International Journal of Engineering Science",
	volume = "47",
	number = "1",
	pages = "131 - 140",
	year = "2009",
	issn = "0020-7225",
	doi = "https://doi.org/10.1016/j.ijengsci.2008.08.003",
	url = "http://www.sciencedirect.com/science/article/pii/S0020722508001262",
	author = "C.W. Lim and C.F. Lü and Y. Xiang and W. Yao",
	keywords = "Duality, Free vibration, Kirchhoff plates, Symplectic elasticity, Hamiltonian system, Legendre’s transformation, Variational principle",
	note = "\url{http://www.sciencedirect.com/science/article/pii/S0020722508001262}",
}

@article{LeissaRect,
	title = "The free vibration of rectangular plates",
	journal = "Journal of Sound and Vibration",
	volume = "31",
	number = "3",
	pages = "257 - 293",
	year = "1973",
	issn = "0022-460X",
	doi = "https://doi.org/10.1016/S0022-460X(73)80371-2",
	url = "http://www.sciencedirect.com/science/article/pii/S0022460X73803712",
	author = "A.W. Leissa",
	note = "\url{http://www.sciencedirect.com/science/article/pii/S0022460X73803712}"
}

@article{ShaftIntInfinite,
	title = "Dirac structures and their composition on {H}ilbert spaces",
	keywords = "EWI-18300, MSC-47N70, Composition, Impedance conservative, Boundary colligation, Krein space, METIS-275633, IR-72604, Boundary triplet, Dirac structure",
	author = "M. Kurula and H. Zwart and A. J. van der Schaft and J. Behrndt",
	year = "2010",
	doi = "10.1016/j.jmaa.2010.07.004",
	volume = "372",
	pages = "402--422",
	journal = "Journal of mathematical analysis and applications",
	issn = "0022-247X",
	publisher = "Academic Press Inc.",
	number = "2",	
	note = "10.1016/j.jmaa.2010.07.004",
}

@article{waveEqZwart,
	author = {M. Kurula and H. Zwart},
	title = {Linear wave systems on n-D spatial domains},
	journal = {International Journal of Control},
	volume = {88},
	number = {5},
	pages = {1063-1077},
	year  = {2015},
	publisher = {Taylor & Francis},
}