%% LaTeX2e file `review.bib'
%% generated by the `filecontents' environment
%% from source `review' on 2020/02/11.
%%
 @article{MATIGNONdamp,
  title = "A class of damping models preserving eigenspaces for linear conservative port-{H}amiltonian systems",
  journal = "European Journal of Control",
  volume = "19",
  number = "6",
  pages = "486 - 494",
  year = "2013",
  note = "Special issue of LHMNLC",
  issn = "0947-3580",
  doi = "https://doi.org/10.1016/j.ejcon.2013.10.003",
  url = "http://www.sciencedirect.com/science/article/pii/S0947358013001672",
  author = "Denis Matignon and Thomas HÃ©lie",
  keywords = "Energy storage, Port-Hamiltonian systems, Eigenfunctions, Damping, Caughey series, Partial differential equations, Fractional Laplacian",
 }
@INPROCEEDINGS{mehrmann2019structurepreserving,
 title={Structure-preserving discretization for port-{H}amiltonian descriptor systems},
 author={Volker Mehrmann and Riccardo Morandin},
 booktitle={Proceedings of the 59th IEEE Conference on Decision and Control},
 year={2019},
 pages = {6663 - 6868},
}
