@article{adler2021,
	author = {Adler, James H. and Cavanaugh, Casey and Hu, Xiaozhe and Zikatanov, Ludmil T.},
	title = {A Finite-Element Framework for a Mimetic Finite-Difference Discretization of Maxwell's Equations},
	journal = {SIAM Journal on Scientific Computing},
	volume = {43},
	number = {4},
	pages = {A2638-A2659},
	year = {2021},
	doi = {10.1137/20M1382568},
	URL = {https://doi.org/10.1137/20M1382568},
}


@book{arnold2018finite,
	title={Finite element exterior calculus},
	author={Arnold, Douglas N},
	year={2018},
	publisher={Society for Industrial and Applied Mathematics}
}

@article{arnold2006acta, 
	title={Finite element exterior calculus, homological techniques, and applications}, 
	volume={15}, 
	doi={10.1017/S0962492906210018}, 
	journal={Acta Numerica}, 
	publisher={Cambridge University Press}, 
	author={Arnold, Douglas N. and Falk, Richard S. and Winther, Ragnar}, year={2006}, 
	pages={1â€“155}
}


@article{rathgeber2017firedrake,
	title={Firedrake: automating the finite element method by composing abstractions},
	author={Rathgeber, F. and Ham, D.A. and Mitchell, L. and Lange, M. and Luporini, F. and McRae, A.T.T. and Bercea, G.T. and Markall, G.R. and Kelly, P.H.J.},
	journal={ACM Transactions on Mathematical Software (TOMS)},
	volume={43},
	number={3},
	pages={24},
	year={2017},
	publisher={ACM}
}


@book{logg2012,
	title = {Automated Solution of Differential Equations by the Finite Element Method},
	author = {Logg, A. and Mardal, K.A. and Wells, G.N. and others},
	year = {2012},
	publisher = {Springer},
}

@article{lee2020,
	title = {Model reduction of dynamical systems on nonlinear manifolds using deep convolutional autoencoders},
	journal = {Journal of Computational Physics},
	volume = {404},
	pages = {108973},
	year = {2020},
	issn = {0021-9991},
	doi = {10.1016/j.jcp.2019.108973},
	note={\url{https://doi.org/10.1016/j.jcp.2019.108973}},
	author = {Kookjin Lee and Kevin T. Carlberg},
	keywords = {Model reduction, Deep learning, Autoencoders, Machine learning, Nonlinear manifolds, Optimal projection},
}