
@inproceedings{brugnoli2019cpde,
	booktitle = "3rd IFAC Workshop on Control of Systems Governed by Partial Differential Equations CPDE 2019",
	title = "Partitioned Finite Element Method for the {M}indlin Plate as a Port-{H}amiltonian system",
	author = "Brugnoli, A. and Alazard, D. and Pommier-Budinger, V. and Matignon, D.",
	address = "Oaxaca, MX",
	year = "2019",
	pages = "88 - 95",
	keywords = "Port-Hamiltonian systems (pHs), Geometric Discretization, Mindlin-Reissner Plate, Partitioned Finite Element Method (PFEM), Symplectic Integration",
}


@inproceedings{brugnoli2019cdc, 
	author={Brugnoli, A. and Alazard, D. and Pommier-Budinger, V. and Matignon, D.},
	booktitle={2019 IEEE 58th Conference on Decision and Control (CDC)}, 
	title={Interconnection of the {K}irchhoff plate within the port-Hamiltonian framework}, 
	year={2019},
	volume={},
	number={},
	pages={6857-6862},
	doi={10.1109/CDC40024.2019.9029487}}

@inproceedings{cardoso2019cdc, 
	author = {Cardoso-Ribeiro, F. L. and Brugnoli, A. and Matignon, D. and Lef{\`e}vre, L.},
	booktitle={2019 IEEE 58th Conference on Decision and Control (CDC)}, 
	title={Port-{H}amiltonian modeling, discretization and feedback control of a circular water tank}, 
	year={2019},
	volume={},
	number={},
	pages={6881-6886},
	doi={10.1109/CDC40024.2019.9030007}}


@article{brugnoli2020wc,
	title = {Partitioned finite element method for structured discretization with mixed boundary conditions},
	journal = {IFAC-PapersOnLine},
	volume = {53},
	number = {2},
	pages = {7557-7562},
	year = {2020},
	note = {21st IFAC World Congress},
	issn = {2405-8963},
	doi = {https://doi.org/10.1016/j.ifacol.2020.12.1351},
	url = {https://www.sciencedirect.com/science/article/pii/S2405896320317572},
	author = {Andrea Brugnoli and Fl√°vio Luiz Cardoso-Ribeiro and Ghislain Haine and Paul Kotyczka},
	keywords = {Aeroacoustics, port-Hamiltonian systems (pHs), Partitioned Finite Element Method (PFEM), Mixed Boundary Control},
}

@article{brugnoli2020mtns,
	title = {Structure-preserving discretization of port-{H}amiltonian plate models},
	journal = {IFAC-PapersOnLine},
	volume = {54},
	number = {9},
	pages = {359-364},
	year = {2021},
	note = {24th International Symposium on Mathematical Theory of Networks and Systems MTNS 2020},
	issn = {2405-8963},
	doi = {https://doi.org/10.1016/j.ifacol.2021.06.094},
	url = {https://www.sciencedirect.com/science/article/pii/S2405896321005589},
	author = {A. Brugnoli and D. Alazard and V. Pommier-Budinger and D. Matignon},
	keywords = {Port-Hamiltonian systems, Kirchhoff Plate, Mindlin-Reissner Plate, Mixed Finite Element Method, Numerical convergence},
}


