@inproceedings{brugnoli2021siamcse,
	author = {A. Brugnoli and D. Matignon and G. Haine and A. Serhani},
	address = {Virtual conference},
	booktitle = {SIAM Conference on Computational Science and Engineering (CSE21)},
	year = {2021},
	title = {Numerics for Physics-Based {PDEs} with Boundary Control: the Partitioned Finite Element Method for Port-{H}amiltonian Systems},
	url = {https://oatao.univ-toulouse.fr/28300/},
}