@article{volker2017review,
	author = {John, Volker and Linke, Alexander and Merdon, Christian and Neilan, Michael and Rebholz, Leo G.},
	title = {On the Divergence Constraint in Mixed Finite Element Methods for Incompressible Flows},
	journal = {SIAM Review},
	volume = {59},
	number = {3},
	pages = {492-544},
	year = {2017},
	doi = {10.1137/15M1047696},
}

@article{vanderSchaft2002,
	title = {Hamiltonian formulation of distributed-parameter systems with boundary energy flow},
	journal = {Journal of Geometry and Physics},
	volume = {42},
	number = {1},
	pages = {166-194},
	year = {2002},
	doi = {10.1016/S0393-0440(01)00083-3},
	author = {A.J. {van der Schaft} and B.M. Maschke},
}

@article{reis2021pH,
	title = {Some notes on port-{H}amiltonian systems on Banach spaces},
	journal = {IFAC-PapersOnLine},
	volume = {54},
	number = {19},
	pages = {223-229},
	year = {2021},
	note = {7th IFAC Workshop on Lagrangian and Hamiltonian Methods for Nonlinear Control LHMNC 2021},
	doi = {10.1016/j.ifacol.2021.11.082},
	author = {Timo Reis},
}

@article{reis2022passivity,
	title={Passivity, Port-Hamiltonian Formulation and Solution Estimates for a Coupled Magneto-Quasistatic System},
	author={Reis, T. and Stykel, T.},
	journal={arXiv preprint arXiv:2205.15259},
	year={2022}
}