@Article{willems1972part1,
	author={Willems, Jan C.},
	title={Dissipative dynamical systems Part I: General theory},
	journal={Archive for Rational Mechanics and Analysis},
	year={1972},
	month={Jan},
	day={01},
	volume={45},
	number={5},
	pages={321-351},
}

@Article{willems1972part2,
	author={Willems, Jan C.},
	title={Dissipative dynamical systems Part II: Linear systems with quadratic supply rates},
	journal={Archive for Rational Mechanics and Analysis},
	year={1972},
	month={Jan},
	day={01},
	volume={45},
	number={5},
	pages={352-393},
}

@book{schaft1999l2,
	title={L2-gain and passivity in nonlinear control},
	author={Schaft, Arjan van der},
	year={1999},
	publisher={Springer-Verlag}
}