@book{kotyczka2019numerical,
		title={Numerical Methods for Distributed Parameter Port-Hamiltonian Systems},
		author={Kotyczka, P.},
		year={2019},
		publisher={TUM University Press}
}