@INPROCEEDINGS{MacchelliMindlin, 
	author={A. Macchelli and C. Melchiorri and L. Bassi}, 
	booktitle={Proceedings of the 44th IEEE Conference on Decision and Control}, 
	title={Port-based Modelling and Control of the {M}indlin Plate}, 
	year={2005}, 
	volume={}, 
	number={}, 
	pages={5989-5994}, 
	keywords={Boundary conditions;Damping;Distributed control;Distributed parameter systems;Elasticity;Electromagnetic heating;Fluid dynamics;Mechanical systems;Piezoelectricity;Power system interconnection}, 
	doi={10.1109/CDC.2005.1583120},
	note = {\url{https://doi.org/10.1109/CDC.2005.1583120}}, 
	ISSN={0191-2216}, 
	month={Dec},}

@inbook{MacchelliModelling,
	author = {A. Macchelli and A. J. van der Schaft and C. Melchiorri},
	year = {2005},
	month = {01},
	pages = {3762 - 3767},
	title = {Port Hamiltonian formulation of infinite dimensional systems I. Modeling},
	volume = {4},
	isbn = {0-7803-8682-5},
	booktitle = {Proceedings of the IEEE Conference on Decision and Control},
	doi ={10.1109/CDC.2004.1429324},
	note = {\url{https://doi.org/10.1109/CDC.2004.1429324}},
}

@INPROCEEDINGS{SCHOBERL2015610,
	author = "M. Schöberl and K. Schlacher",
	title = "Lagrangian and Port-{H}amiltonian formulation for Distributed-parameter systems",
	journal = "IFAC-PapersOnLine",
	volume = "48",
	number = "1",
	pages = "610 - 615",
	year = "2015",
	booktitle = "8th Vienna International Conference on Mathematical Modelling",
	issn = "2405-8963",
	doi = "https://doi.org/10.1016/j.ifacol.2015.05.025",
	url = "http://www.sciencedirect.com/science/article/pii/S2405896315000269",
	note = "\url{https://doi.org/10.1016/j.ifacol.2015.05.025}",
	keywords = "Differential geometric methods, Lagrangian and Hamiltonian Systems, Partial differential equations"
}

@INPROCEEDINGS{SchobertMindlin, 
	author={M. Schöberl and A. Siuka}, 
	booktitle={2013 European Control Conference (ECC)}, 
	title={Analysis and comparison of port-{H}amiltonian formulations for field theories - demonstrated by means of the {M}indlin plate}, 
	year={2013}, 
	volume={}, 
	number={}, 
	pages={548-553}, 
	keywords={partial differential equations;variational techniques;Lagrangian framework;Mindlin plate;Stokes-Dirac structures;boundary conditions;bundle structure;distributed parameter system;field theories;motion equations;partial differential equations;port-Hamiltonian formulations;two-dimensional spatial domain;variational principle;Boundary conditions;DH-HEMTs;Equations;Mathematical model;Partial differential equations;Tensile stress;Vectors}, 
	doi={10.23919/ECC.2013.6669137}, 
	note = {\url{https://doi.org/10.23919/ECC.2013.6669137}},
	ISSN={}, 
	month={July},}

@book{Grinfield,
	author = {M. Grinfeld},
	editor = {M. Grinfeld},
	title = {Mathematical Tools for Physicists},
	edition ={2nd},
	year = {2015},
	chapter = {16},
	month = {jan},
	ibsn = {978-3-527-41188-7},
}


@article{doi:10.1137/S0363012903429530,
	author = {Alessandro Macchelli and Claudio Melchiorri},
	title = {Modeling and Control of the {T}imoshenko Beam. {T}he Distributed Port Hamiltonian Approach},
	journal = {SIAM Journal on Control and Optimization},
	volume = {43},
	number = {2},
	pages = {743-767},
	year = {2004},
	doi = {10.1137/S0363012903429530},
	URL = {https://doi.org/10.1137/S0363012903429530},
	eprint = {https://doi.org/10.1137/S0363012903429530}
}

@article{BrugnoliMin,
	title = {Port-Hamiltonian formulation and symplectic discretization of plate models. {P}art {I} : Mindlin model for thick plates},
	author = {A. Brugnoli and D. Alazard and V. Budinger and D. Matignon},
	year = {2018},
	note ={Under Review},
	journal={arXiv preprint arXiv:1809.11131}
}

@article{BrugnoliKir,
	title = {Port-Hamiltonian formulation and symplectic discretization of plate models. {P}art {II} : Kirchhoff model for thin plates},
	author = {A. Brugnoli and D. Alazard and V. Budinger and D. Matignon},
	year = {2018},
	note ={Under Review},
	journal={arXiv preprint arXiv:1809.11136}
}

@article{duran1999approximation,
	title={Approximation of the vibration modes of a plate by {R}eissner-{M}indlin equations},
	author={R. Dur{\'a}n and L. Hervella-Nieto and E. Liberman and J. Solomin},
	journal={Mathematics of Computation of the American Mathematical Society},
	volume={68},
	number={228},
	pages={1447--1463},
	year={1999}
}

@article{dawe1980rayleigh,
	title={{R}ayleigh-{R}itz vibration analysis of {M}indlin plates},
	author={D.J. Dawe and O.L. Roufaeil},
	journal={Journal of Sound and Vibration},
	volume={69},
	number={3},
	pages={345--359},
	year={1980},
	publisher={Elsevier}
}

@article{huang1984nine,
	title={A nine node {L}agrangian {M}indlin plate element with enhanced shear interpolation},
	author={H.C. Huang and E. Hinton},
	journal={Engineering Computations},
	volume={1},
	number={4},
	pages={369--379},
	year={1984},
	publisher={MCB UP Ltd}
}

@inproceedings{CardosoRibeiro2018,
	booktitle = {6th IFAC Workshop on Lagrangian and Hamiltonian Methods for Nonlinear Control},
	title = {A structure-preserving Partitioned Finite Element Method for the 2D wave equation},
	author = {F. L. Cardoso-Ribeiro and D. Matignon and L. Lef{\`e}vre},
	address = {Valpara{\'i}so, CL},
	year = {2018},
	pages = {1--6},
	keywords = {Distributed Parameter systems - Port-Hamiltonian systems, Finite Element Method - Geometric Discretization Methods - 2D Wave equation},
	url = {http://oatao.univ-toulouse.fr/19965/},
	note = {\url{http://oatao.univ-toulouse.fr/19965}},
}
