@techreport{CRS13,
author = {Calvi, A and Roy, Nicholas and ECSS Secretariat},
institution = {ESA Requirements and Standards Division},
title = {{ECSS-E-HB-32-26A Spacecraft Mechanical Loads Analysis Handbook}},
year = {2013}
}

@article{taniwaki2003experimental,
  title={Experimental and numerical analysis of reaction wheel disturbances},
  author={Taniwaki, Shigemune and Ohkami, Yoshiaki},
  journal={JSME International Journal Series C Mechanical Systems, Machine Elements and Manufacturing},
  volume={46},
  number={2},
  pages={519--526},
  year={2003},
  publisher={The Japan Society of Mechanical Engineers}
}

@article{apkarian2011,
author = {Apkarian, Pierre},
title = {Nonsmooth $\mu$-synthesis},
journal = {International Journal of Robust and Nonlinear Control},
volume = {21},
number = {13},
pages = {1493-1508},
year = {2011},
doi = {10.1002/rnc.1644}
}

@article{apkarian2006nonsmooth,
  title={Nonsmooth $\mathcal{H}_{\infty}$ Synthesis},
  author={Apkarian, Pierre and Noll, Dominikus},
  journal={IEEE Transactions on Automatic Control},
  volume={51},
  number={1},
  pages={71--86},
  year={2006},
  publisher={IEEE}
}

@article{packard1993complex,
  title={The complex structured singular value},
  author={Packard, Andrew and Doyle, John},
  journal={Automatica},
  volume={29},
  number={1},
  pages={71--109},
  year={1993},
  publisher={Elsevier}
}

@inproceedings{gahinet2011decentralized,
  title={Decentralized and fixed-structure $\mathcal{H}_{\infty}$ control in MATLAB},
  author={Gahinet, Pascal and Apkarian, Pierre},
  booktitle={Decision and Control and European Control Conference (CDC-ECC), 2011 50th IEEE Conference on},
  pages={8205--8210},
  year={2011},
  organization={IEEE}
}

@article{gahinet2011structured,
  title={Structured $\mathcal{H}_{\infty}$ synthesis in MATLAB},
  author={Gahinet, Pascal and Apkarian, Pierre},
  journal={Proc. IFAC, Milan, Italy},
  volume={2011},
  year={2011}
}

@inproceedings{apkarian2012tuning,
  title={Tuning controllers against multiple design requirements},
  author={Apkarian, Pierre},
  booktitle={System Theory, Control and Computing (ICSTCC), 2012 16th International Conference on},
  pages={1--6},
  year={2012},
  organization={IEEE}
}

@article{apkarian2015, 
author={P. Apkarian and M. N. Dao and D. Noll}, 
journal={IEEE Transactions on Automatic Control}, 
title={Parametric Robust Structured Control Design}, 
year={2015}, 
volume={60}, 
number={7}, 
pages={1857-1869},
doi={10.1109/TAC.2015.2396644}, 
ISSN={0018-9286}, 
month={July}
}

@inproceedings{specht1999dynamic,
  title={Dynamic simulation of scan mechanism with elecrical drive unit},
  author={Specht, Bernhard},
  booktitle={European Conference on Spacecraft Structures, Materials and Mechanical Testing, Braunschweig, Germany},
  pages={563--568},
  year={1999}
}

@inproceedings{shiell2007,
  title={MATLAB Modelling of the High Power SADM - Analysis and Testing of Back Electro-Motive Force Behaviour and Torque Margin when Driving
Large Solar Arrays},
  author={Shiell, John and Bamford,Steve},
  booktitle={Proc. 12th Euro. Space Mechanisms \& Tribology Symp., Liverpool, UK},
  year={2007}
}

@article{bialke2011microvibration,
  title={Microvibration disturbance fundamentals for rotating mechanisms},
  author={Bialke, Bill},
  journal={Advances in the Astronautical Sciences},
  volume={141},
  pages={417--432},
  year={2011},
  publisher={Univelt, Inc.}
}

@article{bialke2011microvibration,
  title={Microvibration disturbance fundamentals for rotating mechanisms},
  author={Bialke, Bill},
  journal={Advances in the Astronautical Sciences},
  volume={141},
  pages={417--432},
  year={2011},
  publisher={Univelt, Inc.}
}

@article{LPD10,
author = {Lillie, Charles F. and Polidan, Ronald S. and Dailey, Dean R.},
title = {Key enabling technologies for the next generation of space telescopes},
journal = {Proc.SPIE},
volume = {7731},
number = {},
pages = {7731 - 7731 - 7},
year = {2010},
doi = {10.1117/12.857826}
}

@book{zhou1996robust,
  title={Robust and optimal control},
  author={Zhou, Kemin and Doyle, John Comstock and Glover, Keith and others},
  volume={40},
  year={1996},
  publisher={Prentice Hall New Jersey}
}

@book{zhou1998essentials,
  title={Essentials of robust control},
  author={Zhou, Kemin and Doyle, John Comstock},
  volume={104},
  year={1998},
  publisher={Prentice hall Upper Saddle River, NJ}
}

@article{sweeney2002,
author = {Sweeney, Michael N. and Rynkowski, Gerald A.  and Ketabchi, Mehrdad   and Crowley, Robert},
title = {Design considerations for fast-steering mirrors (FSMs)},
journal = {Proc.SPIE},
volume = {4773},
number = {},
pages = {4773 - 4773 - 11},
year = {2002},
doi = {10.1117/12.469197}
}

@techreport{DW86,
author = {Davis, L P and Wilson, J F},
institution = {},
title = {{Hubble space telescope reaction wheel assembly vibration isolation system, Structural dynamics and control interaction of flexible structures, NASA Report N87-22702}},
pages ={669--690},
year = {1986}
}

@article{B06,
author = {Bronowicki, Allen J.},
doi = {10.2514/1.12036},
file = {:D$\backslash$:/f.sanfedino/Downloads/bronowicki2006.pdf:pdf},
issn = {0022-4650},
journal = {Journal of Spacecraft and Rockets},
month = {jan},
number = {1},
pages = {45--53},
title = {{Vibration Isolator for Large Space Telescopes}},
url = {http://arc.aiaa.org/doi/10.2514/1.12036},
volume = {43},
year = {2006}
}

@article{RLS16,
author = {Racca, Giuseppe D. and Laureijs, Ren{\'{e}} and Stagnaro, Luca and Salvignol, Jean-Christophe and {Lorenzo Alvarez}, Jos{\'{e}} and {Saavedra Criado}, Gonzalo and {Gaspar Venancio}, Luis and Short, Alex and Strada, Paolo and B{\"{o}}nke, Tobias and Colombo, Cyril and Calvi, Adriano and Maiorano, Elena and Piersanti, Osvaldo and Prezelus, Sylvain and Rosato, Pierluigi and Pinel, Jacques and Rozemeijer, Hans and Lesna, Valentina and Musi, Paolo and Sias, Marco and Anselmi, Alberto and Cazaubiel, Vincent and Vaillon, Ludovic and Mellier, Yannick and Amiaux, J{\'{e}}r{\^{o}}me and Berth{\'{e}}, Michel and Sauvage, Marc and Azzollini, Ruyman and Cropper, Mark and Pottinger, Sabrina and Jahnke, Knud and Ealet, Anne and Maciaszek, Thierry and Pasian, Fabio and Zacchei, Andrea and Scaramella, Roberto and Hoar, John and Kohley, Ralf and Vavrek, Roland and Rudolph, Andreas and Schmidt, Micha},
title = {The Euclid mission design},
journal = {Proc.SPIE},
volume = {9904},
pages = {9904 - 9904 - 23},
month = {jul},
year = {2016},
doi = {10.1117/12.2230762},
url = {http://proceedings.spiedigitallibrary.org/proceeding.aspx?doi=10.1117/12.2230762}
}

@ARTICLE{LBAA07, 
author={S. Leprince and S. Barbot and F. Ayoub and J. Avouac}, 
journal={IEEE Transactions on Geoscience and Remote Sensing}, 
title={Automatic and Precise Orthorectification, Coregistration, and Subpixel Correlation of Satellite Images, Application to Ground Deformation Measurements}, 
year={2007}, 
volume={45}, 
number={6}, 
pages={1529-1558}, 
keywords={artificial satellites;Fourier analysis;geomorphology;geophysical signal processing;geophysical techniques;image processing;inverse problems;matrix algebra;satellite image orthorectification;satellite image coregistration;satellite image subpixel correlation;ground deformation measurements;optical satellite images;inverse projection matrices;irregular resampling problem;image registration;subpixel shift detection;digital elevation model;pushbroom imaging system;Satellite pour l'Observation de la Terre;SPOT images;coseismic deformations;Hector Mine;California;earthquake;AD 1999;surface displacement measurement;ice flow;geomorphic processes;Coregistration of Optically Sensed Images and Correlation;Caltech Tectonics Observatory website;Satellites;Optical sensors;Optical imaging;Image sensors;Sensor systems;Image registration;Phase estimation;Phase detection;Digital elevation models;Pixel;Change detection;coseismic displacements;geocoding;image registration;image resampling;optical imagery;orthorectification;Satellite pour l'Observation de la Terre (SPOT);satellites;subpixel correlation}, 
doi={10.1109/TGRS.2006.888937}, 
ISSN={0196-2892}, 
month={June},}

@ARTICLE{MOF15, 
author={A. Marsetič and K. Oštir and M. K. Fras}, 
journal={IEEE Transactions on Geoscience and Remote Sensing}, 
title={Automatic Orthorectification of High-Resolution Optical Satellite Images Using Vector Roads}, 
year={2015}, 
volume={53}, 
number={11}, 
pages={6035-6047}, 
keywords={digital elevation models;feature extraction;geophysical image processing;geophysical techniques;meta data;remote sensing;automatic orthorectification;high-resolution optical satellite images;vector roads;automatic processing chain;optical pushbroom sensors;raw satellite image;metadata extraction;automatic ground control point extraction;geometric modeling;GCP extraction step;georeferenced vector roads;physical geometric model;sensor-corrected optical satellite images;second-order piecewise polynomials;digital elevation model;national coordinate system;RapidEye images;Roads;Satellites;Mathematical model;Accuracy;Data mining;Optical sensors;Automatic orthorectification;general physical geometric model;ground control point (GCP) extraction;optical imagery;random sample consensus (RANSAC);RapidEye;robust estimation;Automatic orthorectification;general physical geometric model;ground control point (GCP) extraction;optical imagery;random sample consensus (RANSAC);RapidEye;robust estimation}, 
doi={10.1109/TGRS.2015.2431434}, 
ISSN={0196-2892}, 
month={Nov},}

@phdthesis{PV17,
author = {Preda, Valentin},
title = {{Robust Microvibration Control and Worst-case Analysis for High Pointing Stability Space Missions}},
school = {Universit\'e de Bordeaux},
year = {2017}
}

@phdthesis{DV16,
author = {Dubanchet, Vincent},
title = {{Modeling and control of a flexible Space robot to capture a tumbling debris}},
school = {Institut Sup\'erieur de l'A\'eronautique et de l'Espace},
year = {2016}
}

@article{Preda2017,
author = {Preda, Valentin and Cieslak, J{\'{e}}r{\^{o}}me and Henry, David and Bennani, Samir and Falcoz, Alexandre},
doi = {10.1016/j.jsv.2017.03.015},
issn = {0022460X},
journal = {Journal of Sound and Vibration},
month = {jul},
pages = {21--44},
title = {{A $\mathcal{H}_{\infty}/\mu$ solution for microvibration mitigation in satellites: A case study}},
volume = {399},
year = {2017}
}

@article{Preda2018,
author = {Preda, Valentin and Cieslak, J{\'{e}}r{\^{o}}me and Henry, David and Bennani, Samir and Falcoz, Alexandre},
doi = {10.1002/rnc.4338},
file = {:D$\backslash$:/f.sanfedino/Downloads/10.1002@rnc.4338.pdf:pdf},
issn = {10498923},
journal = {International Journal of Robust and Nonlinear Control},
month = {oct},
title = {{Robust microvibration mitigation and pointing performance analysis for high stability spacecraft}},
url = {http://doi.wiley.com/10.1002/rnc.4338},
year = {2018}
}

@article{Addari2017,
author = {Addari, D. and Aglietti, G.S. and Remedia, M.},
doi = {10.1016/j.jsv.2016.10.003},
issn = {0022460X},
journal = {Journal of Sound and Vibration},
month = {jan},
pages = {225--241},
title = {{Experimental and numerical investigation of coupled microvibration dynamics for satellite reaction wheels}},
volume = {386},
year = {2017}
}

@article{ZHANG20135748,
title = "Coupled microvibration analysis of a reaction wheel assembly including gyroscopic effects in its accelerance",
journal = "Journal of Sound and Vibration",
volume = "332",
number = "22",
pages = "5748 - 5765",
year = "2013",
issn = "0022-460X",
doi = "https://doi.org/10.1016/j.jsv.2013.06.011",
author = "Zhe Zhang and Guglielmo S. Aglietti and Weijia Ren".
}

@article{GERLACH2006572,
title = "LOW NOISE FIVE-AXIS MAGNETIC BEARING REACTION WHEEL",
journal = "IFAC Proceedings Volumes",
volume = "39",
number = "16",
pages = "572 - 577",
year = "2006",
note = "4th IFAC Symposium on Mechatronic Systems",
issn = "1474-6670",
doi = "https://doi.org/10.3182/20060912-3-DE-2911.00100"
}

@inproceedings{masterson1999development,
  title={Development of empirical and analytical reaction wheel disturbance models},
  author={Masterson, Rebecca and Miller, David and Grogan, Robert},
  booktitle={40th Structures, Structural Dynamics, and Materials Conference and Exhibit},
  pages={1204},
  year={1999},
  doi = {10.2514/6.1999-1204}
}

@article{MASTERSON2002,
author = {Masterson, R.A. and Miller, D.W. and Grogan, R.L.},
doi = {10.1006/jsvi.2001.3868},
issn = {0022460X},
journal = {Journal of Sound and Vibration},
month = {jan},
number = {3},
pages = {575--598},
title = {{Development and validation of reaction wheel disturbance models: empirical model}},
volume = {249},
year = {2002}
}

@article{Kim2014,
author = {Kim, Dae-Kwan},
doi = {10.1016/j.jsv.2014.04.032},
file = {:D$\backslash$:/f.sanfedino/Downloads/1-s2.0-S0022460X14003186-main.pdf:pdf},
issn = {0022460X},
journal = {Journal of Sound and Vibration},
month = {sep},
number = {18},
pages = {4214--4231},
title = {{Micro-vibration model and parameter estimation method of a reaction wheel assembly}},
volume = {333},
year = {2014}
}


@article{FBM01,
  author={Wendy L. Freedman and Barry F. Madore and Brad K. Gibson and Laura Ferrarese and Daniel D. Kelson and Shoko Sakai and Jeremy
R. Mould and Robert C. Kennicutt, Jr. and Holland C. Ford and John A. Graham and John P. Huchra and Shaun M. G.
Hughes and Garth D. Illingworth and Lucas M. Macri and Peter B. Stetson},
  title={Final Results from the Hubble Space Telescope Key Project to Measure the Hubble Constant},
  journal={The Astrophysical Journal},
  volume={553},
  number={1},
  pages={47},
  year={2001}
}

 	
@article{RSC07,
  author={Adam G. Riess and Louis-Gregory Strolger and Stefano Casertano and Henry C. Ferguson and Bahram Mobasher and Ben
Gold and Peter J. Challis and Alexei V. Filippenko and Saurabh Jha and Weidong Li and John Tonry and Ryan Foley and Robert P.
Kirshner and Mark Dickinson and Emily MacDonald and Daniel Eisenstein and Mario Livio and Josh Younger and Chun Xu and Tomas
Dahlén and Daniel Stern},
  title={New Hubble Space Telescope Discoveries of Type Ia Supernovae at $z\geq1$: Narrowing Constraints on the Early Behavior of Dark Energy},
  journal={The Astrophysical Journal},
  volume={659},
  number={1},
  pages={98},
  year={2007}
}

@article{RST04,
  author={Adam G. Riess and Louis-Gregory Strolger and John Tonry and Stefano Casertano and Henry C. Ferguson and Bahram
Mobasher and Peter Challis and Alexei V. Filippenko and Saurabh Jha and Weidong Li and Ryan Chornock and Robert P.
Kirshner and Bruno Leibundgut and Mark Dickinson and Mario Livio and Mauro Giavalisco and Charles C. Steidel and Txitxo
Benítez and Zlatan Tsvetanov},
  title={Type Ia Supernova Discoveries at $z>1$ from the Hubble Space Telescope: Evidence for Past Deceleration and Constraints on Dark Energy Evolution},
  journal={The Astrophysical Journal},
  volume={607},
  number={2},
  pages={665},
  year={2004}
}

@article{K77,
author = {Dietrich Korsch},
journal = {Appl. Opt.},
keywords = {Astigmatism; Imaging telescopes; Pupil; Spectral phase interferometry for direct field reconstruction; Stray light; Telescopes},
number = {8},
pages = {2074--2077},
publisher = {OSA},
title = {Anastigmatic three-mirror telescope},
volume = {16},
month = {Aug},
year = {1977},
url = {http://ao.osa.org/abstract.cfm?URI=ao-16-8-2074},
doi = {10.1364/AO.16.002074},
abstract = {A new configuration of a three-mirror telescope is introduced that combines high performance with practicality. A geometric spot size of less than 0.1 sec of arc in an easily accessible flat field of 1.5{\textdegree} and excellent stray light suppression are the outstanding features.},
}

@article{kim2011,
author = {Kim,Y.-K.  and Koo,J. H.  and Kim,K.-S.  and Kim,S. H. },
title = {Suppressing harmonic vibrations of a miniature cryogenic cooler using an adaptive tunable vibration absorber based on magneto-rheological elastomers},
journal = {Review of Scientific Instruments},
volume = {82},
number = {3},
pages = {035103},
year = {2011},
doi = {10.1063/1.3553198}
}

@proceeding{man1990,
author = { Manfred E. Wittig,L.  van Holtz,D. E. L. Tunbridge,Herman C. Vermeulen},
title = {In-orbit measurements of microaccelerations of ESA's communication satellite Olympus},
journal = {Proc.SPIE},
volume = {1218},
number = {},
pages = {1218 - 1218 - 10},
year = {1990},
doi = {10.1117/12.18234},
eprint = {}
}

@inproceedings{miller2007reaction,
  title={Reaction wheel operational impacts on the GOES-N jitter environment},
  author={Miller, Scott and Kirchman, Paul and Sudey, John},
  booktitle={AIAA Guidance, Navigation and Control Conference and Exhibit},
  pages={6736},
  year={2007}
}

@ARTICLE{arnon1997, 
author={S. Arnon and N. S. Kopeika}, 
journal={Proceedings of the IEEE}, 
title={Laser satellite communication network-vibration effect and possible solutions}, 
year={1997}, 
volume={85}, 
number={10}, 
pages={1646-1661}, 
doi={10.1109/5.640772}, 
ISSN={0018-9219}, 
month={Oct}}

@article{Kamesh2010,
author = {Kamesh, D. and Pandiyan, R. and Ghosal, Ashitava},
doi = {10.1016/j.jsv.2010.03.008},
issn = {0022460X},
journal = {Journal of Sound and Vibration},
month = {aug},
number = {17},
pages = {3431--3450},
title = {{Modeling, design and analysis of low frequency platform for attenuating micro-vibration in spacecraft}},
volume = {329},
year = {2010}
}

@article{Kamesh2012,
author = {Kamesh, D. and Pandiyan, R. and Ghosal, Ashitava},
doi = {10.1016/j.jsv.2011.10.033},
issn = {0022460X},
journal = {Journal of Sound and Vibration},
month = {mar},
number = {6},
pages = {1310--1330},
title = {{Passive vibration isolation of reaction wheel disturbances using a low frequency flexible space platform}},
volume = {331},
year = {2012}
}

@article{Ni2011,
author = {Ni, Y.Q. and Ying, Z.G. and Chen, Z.H.},
doi = {10.1016/j.jsv.2011.04.020},
issn = {0022460X},
journal = {Journal of Sound and Vibration},
month = {aug},
number = {18-19},
pages = {4369--4383},
title = {{Micro-vibration suppression of equipment supported on a floor incorporating magneto-rheological elastomer core}},
volume = {330},
year = {2011}
}

@techreport{hubble1986,
author = {Davis, L P and Wilson, J F},
institution = {},
title = {{Hubble space telescope reaction wheel assembly vibration isolation system, Structural dynamics and control interaction of flexible structures, NASA Report N87-22702}},
pages ={669--690},
year = {1986}
}

@article{Neat1998,
author = {Neat, G.W. and Melody, J.W. and Lurie, B.J.},
doi = {10.1109/87.726529},
issn = {10636536},
journal = {IEEE Transactions on Control Systems Technology},
number = {6},
pages = {689--700},
title = {{Vibration attenuation approach for spaceborne optical interferometers}},
volume = {6},
year = {1998}
}

@article{Somov1999,
author = {Somov, Ye.I. and Butyrin, S.A. and Matrosov, V.M. and Anshakov, G.P. and Antonov, Yu.G. and Makarov, V.P. and Sorokin, A.V. and Bashkeyev, N.I. and Kondrat'yev, O.A.},
doi = {10.1016/S0967-0661(99)00084-2},
issn = {09670661},
journal = {Control Engineering Practice},
month = {sep},
number = {9},
pages = {1127--1142},
title = {{Ultra-precision attitude control of a large low-orbital space telescope}},
volume = {7},
year = {1999}
}

@article{Canuto2003,
author = {Canuto, Enrico},
doi = {10.1016/S0967-0661(02)00044-8},
issn = {09670661},
journal = {Control Engineering Practice},
month = {may},
number = {5},
pages = {569--578},
title = {{Sub-nanometric optics stabilization in view of the GAIA astrometric mission}},
volume = {11},
year = {2003}
}

@article{jwst2007,
author = { Miroslaw  Ostaszewski,William  Vermeer},
title = {Fine steering mirror for the James Webb Space Telescope},
journal = {Proc.SPIE},
volume = {6665},
number = {},
pages = {6665 - 6665 - 10},
year = {2007},
doi = {10.1117/12.731917}
}

@article{Sun2016,
author = {Sun, Xiaoqing and Yang, Bintang and Zhao, Long and Sun, Xiaofen},
doi = {10.1016/j.jsv.2016.04.007},
issn = {0022460X},
journal = {Journal of Sound and Vibration},
month = {jul},
pages = {43--60},
title = {{Optimal design and experimental analyses of a new micro-vibration control payload-platform}},
volume = {374},
year = {2016}
}

@article{Preumont2007,
author = {Preumont, A. and Horodinca, M. and Romanescu, I. and de Marneffe, B. and Avraam, M. and Deraemaeker, A. and Bossens, F. and {Abu Hanieh}, A.},
doi = {10.1016/j.jsv.2006.07.050},
issn = {0022460X},
journal = {Journal of Sound and Vibration},
month = {mar},
number = {3-5},
pages = {644--661},
title = {{A six-axis single-stage active vibration isolator based on Stewart platform}},
volume = {300},
year = {2007}
}

@article{Lee2016,
author = {Lee, Dae-Oen and Park, Geeyong and Han, Jae-Hung},
doi = {10.1016/j.jsv.2015.10.023},
issn = {0022460X},
journal = {Journal of Sound and Vibration},
month = {feb},
pages = {1--17},
title = {{Hybrid isolation of micro vibrations induced by reaction wheels}},
volume = {363},
year = {2016}
}

@article{Li2019,
author = {Li, Mou and Zhang, Yao and Wang, Youyi and Hu, Quan and Qi, Rui},
doi = {10.1016/j.jsv.2018.09.038},
issn = {0022460X},
journal = {Journal of Sound and Vibration},
month = {jan},
pages = {441--456},
title = {{The pointing and vibration isolation integrated control method for optical payload}},
volume = {438},
year = {2019}
}

@article{zhang2011microvibrations,
  title={Microvibrations induced by a cantilevered wheel assembly with a soft-suspension system},
  author={Zhang, Zhe and Aglietti, Guglielmo S and Zhou, Weiyong},
  journal={AIAA journal},
  volume={49},
  number={5},
  pages={1067--1079},
  year={2011}
}

@inproceedings{cumer2014codesign,
  title={Codesign mechanics/attitude control for a simplified AOCS preliminary synthesis},
  author={Cumer, Christelle and Alazard, Daniel and Grynagier, A and Pittet-Mechin, C},
  address = {Porto},
  booktitle={9th International ESA Conference on Guidance, Navigation \& Control Systems (GNC 2014)},
  year={2014},
  pages = {1--9},
}



@article{guy2014dynamic,
  title={Dynamic modeling and analysis of spacecraft with variable tilt of flexible appendages},
  author={Guy, Nicolas and Alazard, Daniel and Cumer, Christelle and Charbonnel, Catherine},
  journal={Journal of Dynamic Systems, Measurement, and Control},
  volume={136},
  number={2},
  pages={021020--021020-10},
  year={2014},
  publisher={American Society of Mechanical Engineers},
  doi={10.1115/1.4025998}
}

@article{young1990distributed,
  title={Distributed finite-element modeling and control approach for large flexible structures},
  author={Young, K David},
  journal={Journal of Guidance, Control, and Dynamics},
  volume={13},
  number={4},
  pages={703--713},
  year={1990},
  doi={10.2514/3.25389}
}

@book{holzer1921analysis,
  title={Analysis of torsional vibration},
  author={Holzer, H},
  year={1921},
  publisher={Springer},
  address={Berlin}
}

@book{Mead1998,
  title={Passive Vibration Control},
  author={Mead, Denys J},
  year={1998},
  publisher={John Wiley and Sons}
}

@inproceedings{maly1999hubble,
  title={Hubble space telescope solar array damper},
  author={Maly, Joseph R and Pendleton, Scott C and Salmanoff, Jason and Blount, Garcia J and Mathews, Kevin},
  booktitle={Smart Structures and Materials 1999: Passive Damping and Isolation},
  volume={3672},
  pages={186--198},
  year={1999},
  organization={International Society for Optics and Photonics}
}

@article{bronowicki2006vibration,
  title={Vibration isolator for large space telescopes},
  author={Bronowicki, Allen J},
  journal={Journal of spacecraft and rockets},
  volume={43},
  number={1},
  pages={45--53},
  year={2006}
}

@article{carlson2000mr,
  title={MR fluid, foam and elastomer devices},
  author={Carlson, J David and Jolly, Mark R},
  journal={Mechatronics},
  volume={10},
  number={4-5},
  pages={555--569},
  year={2000},
  publisher={Elsevier}
}

@article{boquet2011active,
  title={Active and passive microvibration mitigation system for earth observation and space science missions},
  author={Boquet, Fabrice and Malric-Smith, Florence and Lejault, Jean-Pascal},
  journal={Advances in the Astronautical Sciences},
  volume={141},
  pages={461--480},
  year={2011},
  publisher={Univelt, Inc.}
}

@inproceedings{falcoz2014active,
  title={Active Vibration Control and Isolation: The LPV Way},
  author={Falcoz, Alexandre and Boquet, Fabrice and Bennani, Samir and Henry, David},
  booktitle={ESA-CNES-DLR Workshop" Linear Parameter Varying Control: A Framework for Adaptable Space Systems"},
  pages={NA},
  year={2014}
}



@article{Aglietti97,
author = {Aglietti,G. S.  and Gabriel,S. B.  and Langley,R. S.  and Rogers,E. },
title = {A modeling technique for active control design studies with application to spacecraft microvibrations},
journal = {The Journal of the Acoustical Society of America},
volume = {102},
number = {4},
pages = {2158-2166},
year = {1997},
doi = {10.1121/1.419631}
}

@article{agli05,
author = {A C H Tan and T Meurers and S M Veres and G Aglietti and E Rogers},
title ={Robust control of microvibrations with experimental verification},
journal = {Proceedings of the Institution of Mechanical Engineers, Part C: Journal of Mechanical Engineering Science},
volume = {219},
number = {5},
pages = {453-460},
year = {2005},
doi = {10.1243/095440605X16929}
}

@article{aglietti2004model,
  title={Model building and verification for active control of microvibrations with probabilistic assessment of the effects of uncertainties},
  author={Aglietti, GS and Langley, RS and Rogers, E and Gabriel, SB},
  journal={Proceedings of the Institution of Mechanical Engineers, Part C: Journal of Mechanical Engineering Science},
  volume={218},
  number={4},
  pages={389--399},
  year={2004},
  publisher={SAGE Publications Sage UK: London, England}
}

@article{zhang2014novel,
  title={A novel vibration isolation system for reaction wheel on space telescopes},
  author={Zhang, Yao and Guo, Zixi and He, Huidong and Zhang, Jingrui and Liu, Min and Zhou, Zhicheng},
  journal={Acta Astronautica},
  volume={102},
  pages={1--13},
  year={2014},
  publisher={Elsevier}
}

@inproceedings{davis1995second,
  title={Second-generation hybrid D-strut},
  author={Davis, L Porter and Carter, Delano R and Hyde, T Tupper},
  booktitle={Smart Structures and Materials 1995: Passive Damping},
  volume={2445},
  pages={161--176},
  year={1995},
  organization={International Society for Optics and Photonics}
}

@article{myklestad1945new,
  title={New method of calculating natural modes of coupled bending-torsion vibration of beams},
  author={Myklestad, NO},
  journal={Trans. ASME},
  volume={67},
  number={1},
  pages={61--67},
  year={1945}
}

@article{rui2005discrete,
  title={Discrete time transfer matrix method for multibody system dynamics},
  author={Rui, Xiaoting and He, Bin and Lu, Yuqi and Lu, Wenguang and Wang, Guoping},
  journal={Multibody System Dynamics},
  volume={14},
  number={3},
  pages={317--344},
  year={2005},
  publisher={Springer},
  doi={10.1007/s11044-005-5006-1}
}

@article{dokainish1972new,
  title={A new approach for plate vibrations: combination of transfer matrix and finite-element technique},
  author={Dokainish, MA},
  journal={Journal of Engineering for Industry},
  volume={94},
  number={2},
  pages={526--530},
  year={1972},
  publisher={American Society of Mechanical Engineers},
  doi={10.1115/1.3428185}
}

@article{leckie1960transfer,
  title={Transfer-matrix fundamentals},
  author={Leckie, F and Pestel, E},
  journal={International Journal of Mechanical Sciences},
  volume={2},
  number={3},
  pages={137--167},
  year={1960},
  publisher={Elsevier},
  doi={10.1016/0020-7403(60)90001-1}

}

@article{mucino1981exact,
  title={An exact condensation procedure for chain-like structures using a finite element-transfer matrix approach},
  author={Mucino, VH and Pavelic, V},
  journal={Journal of Mechanical Design},
  volume={103},
  number={2},
  pages={295--303},
  year={1981},
  publisher={American Society of Mechanical Engineers},
  doi={10.1115/1.3254907}
}

@article{kitis1990natural,
  title={Natural frequencies and mode shapes of flexible mechanisms by a transfer matrix method},
  author={Kitis, L and Lindenberg, RK},
  journal={Finite Elements in Analysis and Design},
  volume={6},
  number={4},
  pages={267--285},
  year={1990},
  publisher={Elsevier},
  doi={10.1016/0168-874X(90)90020-F}
}

@article{tan1990modified,
  title={A modified finite element-transfer matrix for control design of space structures},
  author={Tan, TM and Yousuff, A and Bahar, LY and Konstantinidis, M},
  journal={Computers \& structures},
  volume={36},
  number={1},
  pages={47--55},
  year={1990},
  publisher={Elsevier},
  doi={10.1016/0045-7949(90)90173-Y}
}

@article{rui2008transfer,
  title={Transfer matrix method for linear multibody system},
  author={Rui, Xiaoting and Wang, Guoping and Lu, Yuqi and Yun, Laifeng},
  journal={Multibody System Dynamics},
  volume={19},
  number={3},
  pages={179--207},
  year={2008},
  publisher={Springer},
  doi={10.1007/s11044-007-9092-0}
}

@article{rong2010discrete,
  title={Discrete time transfer matrix method for dynamics of multibody system with real-time control},
  author={Rong, Bao and Rui, Xiaoting and Wang, Guoping and Yang, Fufeng},
  journal={Journal of Sound and Vibration},
  volume={329},
  number={6},
  pages={627--643},
  year={2010},
  publisher={Elsevier},
  doi={10.1016/j.jsv.2009.09.034}
}

@article{vijayasree2012integrated,
  title={On an Integrated Transfer Matrix method for multiply connected mufflers},
  author={Vijayasree, NK and Munjal, ML},
  journal={Journal of Sound and Vibration},
  volume={331},
  number={8},
  pages={1926--1938},
  year={2012},
  publisher={Elsevier},
  doi={10.1016/j.jsv.2011.12.003}
}

@article{xiaoting2014,
author = {Xiaoting Rui and Jianshu Zhang and Qinbo Zhou},
title = {Automatic Deduction Theorem of Overall Transfer Equation of Multibody System},
journal = {Advances in Mechanical Engineering},
volume = {6},
number = {},
pages = {378047},
year = {2014},
doi = {10.1155/2014/378047}
}

@article{hurty1965dynamic,
  title={Dynamic analysis of structural systems using component modes},
  author={Hurty, Walter C},
  journal={AIAA Journal},
  volume={3},
  number={4},
  pages={678--685},
  year={1965},
  doi={10.2514/3.2947}
}

@article{macneal1971hybrid,
  title={A hybrid method of component mode synthesis},
  author={MacNeal, Richard H},
  journal={Computers \& Structures},
  volume={1},
  number={4},
  pages={581--601},
  year={1971},
  publisher={Elsevier},
  doi={10.1016/0045-7949(71)90031-9}
}


@article{hintz1975analytical,
  title={Analytical methods in component modal synthesis},
  author={Hintz, Robert Morris},
  journal={AIAA Journal},
  volume={13},
  number={8},
  pages={1007--1016},
  year={1975},
  doi={10.2514/3.60498}
}

@book{girard2010structural,
  title={Structural dynamics in industry},
  author={Girard, Alain and Roy, Nicolas},
  volume={7},
  year={2010},
  publisher={John Wiley \& Sons}
}

@article{pascal1987dynamics,
  title={Dynamics analysis of a system of hinge-connected flexible bodies},
  author={Pascal, Madeleine},
  journal={Celestial mechanics},
  volume={41},
  number={1},
  pages={253--274},
  year={1987},
  publisher={Springer},
  doi={10.1007/BF01238763}
}

@article{bampton1968coupling,
  title={Coupling of substructures for dynamic analyses},
  author={Bampton, Mervyn CC and Craig, JR, Roy R},
  journal={AIAA Journal},
  volume={6},
  number={7},
  pages={1313--1319},
  year={1968},
  doi={10.2514/3.4741}
}

@TECHREPORT{craig1977substructure,
  title={Substructure coupling for dynamic analysis and testing},
  author={Craig Jr, Roy R and Chang, Ching-Jone},
  NUMBER ={NASA-CR-2781},
  INSTITUTION ={Texas University},
  ADDRESS = {Austin, TX, United States},
  year={1977},
  publisher={NASA}
}

@article{holm2009component,
  title={A component mode synthesis algorithm for multibody dynamics of wind turbines},
  author={Holm-J{\o}rgensen, Kristian and Nielsen, S{\o}ren RK},
  journal={Journal of Sound and Vibration},
  volume={326},
  number={3},
  pages={753--767},
  year={2009},
  publisher={Elsevier},
  doi={10.1016/j.jsv.2009.05.007}
}

@article{tran2014reduced,
  title={Reduced models of multi-stage cyclic structures using cyclic symmetry reduction and component mode synthesis},
  author={Tran, Duc-Minh},
  journal={Journal of Sound and Vibration},
  volume={333},
  number={21},
  pages={5443--5463},
  year={2014},
  publisher={Elsevier},
  doi={10.1016/j.jsv.2014.06.004}
}

@article{yu2016element,
  title={Element-by-element model updating of large-scale structures based on component mode synthesis method},
  author={Yu, Jie-Xin and Xia, Yong and Lin, Wei and Zhou, Xiao-Qing},
  journal={Journal of Sound and Vibration},
  volume={362},
  pages={72--84},
  year={2016},
  publisher={Elsevier},
  doi={10.1016/j.jsv.2015.10.019}
}

@article{ding2016free,
  title={A free interface component mode synthesis method for viscoelastically damped systems},
  author={Ding, Zhe and Li, Li and Hu, Yujin},
  journal={Journal of Sound and Vibration},
  volume={365},
  pages={199--215},
  year={2016},
  publisher={Elsevier},
  doi={10.1016/j.jsv.2015.11.040}
}

@article{tantawi2008linear,
  title={Linear Dynamic Modeling of Spacecraft With Various Flexible Appendages},
  author={Tantawi, Khalid HM and Alazard, Daniel and Cumer, Christelle},
  journal={IFAC Proceedings Volumes},
  volume={41},
  number={2},
  pages={11148--11153},
  year={2008},
  publisher={Elsevier},
  doi={10.3182/20080706-5-KR-1001.01889}
}

@inproceedings{alazard2015two,
  title={Two-input two-output port model for mechanical systems},
  author={Alazard, Daniel and Perez, J Alvaro and Loquen, Thomas and Cumer, Christelle},
  booktitle={AIAA Science and Technology Forum and Exposition. Kissimmee, Florida},
  year={2015},
  doi={10.2514/6.2015-1778}
}

@inbook{murali2015mechanical,
  title={Mechanical-attitude controller co-design of large flexible space structures},
  author={Murali, Hari Hara Sudhan and Alazard, Daniel and Massotti, Luca and Ankersen, Finn and Toglia, Chiara},
  booktitle={Advances in Aerospace Guidance, Navigation and Control: Selected Papers of the Third CEAS Specialist Conference on Guidance, Navigation and Control held in Toulouse},
  pages={659--678},
  year={2015},
  publisher={Springer},
  doi={10.1007/978-3-319-17518-8_38}
}

@incollection{perez2015linear,
  title={Linear dynamic modeling of spacecraft with open-chain assembly of flexible bodies for ACS/Structure Co-design},
  author={Perez, Jose Alvaro and Alazard, Daniel and Loquen, Thomas and Cumer, Christelle and Pittet, Christelle},
  booktitle={Advances in Aerospace Guidance, Navigation and Control: Selected Papers of the Third CEAS Specialist Conference on Guidance, Navigation and Control held in Toulouse},
  pages={639--658},
  year={2015},
  publisher={Springer},
  doi={10.1007/978-3-319-17518-8_37}
}

@article{perez2015flexible,
  title={A Flexible Appendage Model for Use in Integrated Control/Structure Spacecraft Design},
  author={Perez, J Alvaro and Pittet, Christelle and Alazard, Daniel and Loquen, Thomas and Cumer, Christelle},
  journal={IFAC-PapersOnLine},
  volume={48},
  number={9},
  pages={275--280},
  year={2015},
  publisher={Elsevier},
  doi={10.1016/j.ifacol.2015.08.096}
}

@article{perez2016flexible,
  title={Flexible Multibody System Linear Modeling for Control using Component Modes Synthesis and Double-Port Approach},
  author={Perez, Jose Alvaro and Alazard, Daniel and Loquen, Thomas and Pittet, Christelle and Cumer, Christelle},
  journal={J. of Dy. Syst., Meas., and Control},
  volume={138},
  number={12},
  year={2016},
  pages={121004-121004-16},
  doi ={10.1115/1.4034149}
}

@article{chebbi2016linear,
  title={Linear dynamics of flexible multibody systems},
  author={Chebbi, Jawhar and Dubanchet, Vincent and Gonzalez, Jos{\'e} Alvaro Perez and Alazard, Daniel},
  journal={Multibody System Dynamics},
  year={2017},
  volume={41},
  number={1},
  pages={75--100},
  publisher={Springer},
  doi={10.1007/s11044-016-9559-y}
}

@inproceedings{craig2000coupling,
  title={Coupling of substructures for dynamic analyses-An overview},
  author={Craig, Jr, Roy},
  booktitle={41st Structures, Structural Dynamics, and Materials Conference and Exhibit},
  pages={1573},
  year={2000},
  doi={10.2514/6.2000-1573}
}

@manual{nastran2012dynamic,
  title={MSC Nastran 2012 - Dynamic Analysis User's Guide},
  date={2012},
  organization={The MSC Software Corporation}
}

@TECHREPORT{young2000,
  title={Primer on Craig-Bampton CMS method: an introductionto boundary node function, base shake analyses, load transformation analyses, modal synthesis and much more},
  author={Young, John T},
  journal={Tech. Rep. NASA-CR-178510, NASA},
  NUMBER ={NASA-CR-178510},
  INSTITUTION ={NASA},
  year={2000},
  publisher={NASA}
}

@book{golub2012matrix,
  title={Matrix computations},
  author={Golub, Gene H and Van Loan, Charles F},
  volume={3},
  year={1996},
  publisher={JHU Press},
  address={Baltimore, Maryland}
}

@book{cook2007concepts,
  title={Concepts and applications of finite element analysis},
  author={Cook, Robert D and Malkus, David S and Plesha, Michael E and Witt, Robert J},
  volume={4},
  year={2007},
  publisher={John Wiley \& Sons}
}

@article{reissner1947bending,
  title={On bending of elastic plates},
  author={Reissner, Eric},
  journal={Quarterly of Applied Mathematics},
  volume={5},
  number={1},
  pages={55--68},
  year={1947}
}

@inproceedings{hedding1990fast,
  title={Fast steering mirror design and performance for stabilization and single axis scanning},
  author={Hedding, Larry R},
  booktitle={Acquisition, Tracking, and Pointing IV},
  volume={1304},
  pages={14},
  year={1990},
  organization={International Society for Optics and Photonics}
}

@techreport{antol1996using,
  title={Using fast-steering mirror control to reduce instrument pointing errors caused by spacecraft jitter},
  author={Antol, Jeffery and Holtz, Ted M and Cuda, Vince and Johnson, Thomas A},
  year={1996},
  journal={NASA-CR-201583, NASA},
  INSTITUTION ={NASA},
  publisher={NASA}
}

@incollection{gutierrez2011line,
  title={Line-of-sight stabilization and back scanning using a fast steering mirror and blended rate sensors},
  author={Gutierrez, Homero and Gaines, Jason and Newman, Michael},
  booktitle={Infotech@ Aerospace 2011},
  pages={1659},
  year={2011}
}

@article{patterson2015control,
author={Patterson, Keith and Shields, Joel and Wang, Xu and Tang, Hong and Azizi, Ali and Brugarolas, Paul and Mandic, Milan and Shi, Fang},
title = {Control design for momentum-compensated fast steering mirror for WFIRST-AFTA coronagraph instrument},
journal = {Proc.SPIE},
volume = {9605},
number = {},
pages = {96052C-1-18},
year = {2015},
doi = {10.1117/12.2191813}
}

@article{shi2016low,
  title={Low-order wavefront sensing and control for WFIRST-AFTA coronagraph},
  author={Shi, Fang and Balasubramanian, Kunjithapatham and Hein, Randall and Lam, Raymond and Moore, Douglas and Moore, James and Patterson, Keith and Poberezhskiy, Ilya and Shields, Joel and Sidick, Erkin and others},
  journal={Journal of Astronomical Telescopes, Instruments, and Systems},
  volume={2},
  number={1},
  pages={011021},
  year={2016},
  publisher={International Society for Optics and Photonics}
}

@techreport{shi2016wfirst,
  title={WFIRST Coronagraph Milestone 6 Final Report: Low Order Wavefront Sensing and Control},
  author={Shi, Fang and Balasubramanian, Kunjithapatham and Bartos, Randall and Hein, Randall and Kern, Brian and Krist, John and Lam, Raymond and Moore, Douglas and Moore, James and Patterson, Keith and others},
  year={2016},
  INSTITUTION ={Jet Propulsion Laboratory}
}

@article{toorian2010flight,
  title={Flight qualification and performance testing of SIM precision optical mechanisms},
  author={Toorian, Armen and Smythe, Robert and Morales, Mauricio and Carson, John and Moore, James D},
  booktitle={Optical and Infrared Interferometry II},
  journal = {Proc.SPIE},
  volume={7734},
  pages={77341O-14},
  year={2010},
  organization={International Society for Optics and Photonics}
}


@Patent{ata_patent1,
 author = {Applied Technology Associates},
 title = {Angular motion sensor},
 year = {1988},
 month = {01},
 day = {12},
 number = {US 4,718.276},
 type = {Patent},
 location = {US},
}

@Patent{ata_patent2,
 author = {Applied Technology Associates},
 title = {MHD sensor for measuring microradian angular rates and displacements},
 year = {2001},
 month = {01},
 day = {16},
 number = {US 6,173,611 B1},
 type = {Patent},
 location = {US},
}

@TECHREPORT{ata_spec2,
  title={ATA's Nanoradian-Class Rotational Sensor},
  author={Applied Technology Associates},
  month={November},
  year={2009},
  publisher={Applied Technology Associates}
}

@inproceedings{iwata2009high,
  title={High-bandwidth attitude determination using jitter measurements and optimal filtering},
  author={Iwata, Takanori and Kawahara, Tetsuo and Muranaka, Noboru and Laughlin, Darren R},
  booktitle={AIAA Guidance, Navigation, and Control Conference},
  pages={7349--7369},
  year={2009}
}

@inproceedings{laughlin2002development,
  title={Development and performance of an angular vibration sensor with 1-1000 Hz bandwidth and nanoradian level noise},
  author={Laughlin, Darren R and Smith, Dennis},
  booktitle={International Symposium on Optical Science and Technology},
  pages={208--214},
  year={2002},
  organization={International Society for Optics and Photonics}
}

@TECHREPORT{tech_esa_hanno,
  title={ARS-14 transfer function test setup},
  NUMBER =        {Unclassified},
  INSTITUTION =   {ESA},
  author={Hanno Ertel},
  month={January},
  year={2017},
  publisher={ESA}
}

@misc{CONEX_user,
title = {CONEX-LDS User's Manual},
year = {2015 (Online; accessed May 15, 2017)}, 
howpublished = "\url{https://www.newport.com/medias/sys_master/images/images/h7e/h99/8797078618142/CONEX-LDS-User-Manual.pdf}"}

@TECHREPORT{esa_ARS_setup,
  title={ATA Angular Rate Sensor - Test objectives and laboratory set-up},
  NUMBER =        {Unclassified},
  INSTITUTION =   {ESA},
  author={F. Boquet and G. Sechi},
  month={October},
  year={2015},
  publisher={ESA}
}

@manual{shaker,
  title        = {Electrodynamic Shaker Product Manual - Model 2075E},
  organization = {The Modal Shop, Inc.},
  edition      = B,
  month        = February,
  year         = 2017
}

@TECHREPORT{ad590,
  title={Use of the AD590 Temperature Transducer in a Remote Sensing Application},
  NUMBER =        {AN-273},
  INSTITUTION =   {Analog Devices},
  author={Paul Klonowski},
  publisher={The Modal Shop Inc.}
}

@TECHREPORT{loveraD1,
  title={Very High Accuracy Attitude Determination for LOS Steering - Deliverable D1},
  NUMBER = {4000114200/15/NL/MH},
  INSTITUTION =   {Politecnico di Milano and ESA},
  author={Lovera, Marco and Giurato, Mattia and Colaneri, Patrizio and Cecchet, Francesco and Sechi, Gianfranco and Fabrizi, Lavinia},
  month={August},
  year={2016},
}

@inproceedings{loveraGNC,
  title={Very High Accuracy Attitude Determination for LOS Steering},
  author={Giurato, Mattia and Haydar, F. and Lovera, Marco and Sechi, Gianfranco},
  booktitle={GNC 2017: 10th International ESA Conference on Guidance, Navigation and Control Systems},
  year={2017},
  address = {Salzburg, Austria},
  organization={European Space Agency}
}

@article{levi,
  title={Complex-Curve Fitting},
  author={Levi, E.C.},
  journal={IRE Transactions on Automatic Control},
  volume={AC-4},
  pages={37--44},
  year={1959}
}

@book{ljung1987system,
  title={System identification: theory for the user},
  author={Ljung, Lennart},
  year={1987},
  publisher={Prentice-hall}
}

@Inbook{Pintelon2014,
author="Pintelon, Rik and Schoukens, Johan",
title="Nonparametric Techniques in System Identification",
bookTitle="Encyclopedia of Systems and Control",
year="2014",
publisher="Springer London",
address="London",
pages="1--15",
isbn="978-1-4471-5102-9"
}

@article{welch1967use,
  title={The use of fast Fourier transform for the estimation of power spectra: a method based on time averaging over short, modified periodograms},
  author={Welch, Peter},
  journal={IEEE Transactions on audio and electroacoustics},
  volume={15},
  number={2},
  pages={70--73},
  year={1967},
  publisher={IEEE}
}

@article{sanfedino2018finite,
  title={Finite element based N-Port model for preliminary design of multibody systems},
  author={Sanfedino, Francesco and Alazard, Daniel and Pommier-Budinger, Val{\'e}rie and Falcoz, Alexandre and Boquet, Fabrice},
  journal={Journal of Sound and Vibration},
  volume={415},
  pages={128--146},
  year={2018},
  publisher={Elsevier}
}

@inproceedings{sanfedino2018novel,
  title={A Novel Dynamic Model of a Reaction Wheel Assembly for High Accuracy Pointing Space Missions},
  author={Sanfedino, Francesco and Alazard, Daniel and Pommier-Budinger, Val{\'e}rie and Boquet, Fabrice and Falcoz, Alexandre},
  booktitle={ASME 2018 Dynamic Systems and Control Conference},
  pages={V003T40A002--V003T40A002},
  year={2018},
  organization={American Society of Mechanical Engineers}
}


@misc{SDT,
  author = {Alazard, Daniel and Cumer, Christelle},
  title = {Satellite Dynamics Toolbox},
  year = 2014
}

@article{chen2016research,
  title={Research on the disturbance generated by a solar array drive assembly driving a flexible system},
  author={Chen, Jiangpan and Cheng, Wei},
  journal={Journal of Theoretical and Applied Mechanics},
  volume={54},
  number={3},
  pages={1001--1012},
  year={2016}
}

@book{esa_hb,
	title={ESA pointing error engineering handbook ESSB-HB-E-003},
	author = {ECSS},
	year = {2011}
}

@article{ben,
  title={Precision pointing {H}{$_{\infty}$} control design for absolute, window-, and stability-time errors},
  author={Ott, T and Bennani, Samir and Winkler S},
  journal={CEAS Space Journal},
  volume={4},
  number={1-4},
  pages={13--30},
  year={2013}
}

@manual{robContrTool2016,
author = {Balas, Gary and Chiang,R and Packard, A and Safonov, MG},
title = {Robust Control Toolbox User's Guide},
year = {2016}
}

@article{silex,
author = { Toni, Tolker-Nielsen and Gotthard, Oppenhauser},
title = {In-orbit test result of an operational optical intersatellite link between ARTEMIS and SPOT4, SILEX},
journal = {Proc.SPIE},
volume = {4635},
number = {},
pages = {4635 - 4635 - 15},
year = {2002},
doi = {10.1117/12.464105}
}

@article{oicets,
author = { Takashi, Jono and Yoshihisa, Takayama and Nobuhiro, Kura and Koichi, Ohinata and Yoshisada, Koyama and Koichi,  Shiratama and Zoran, Sodnik and Benoit, Demelenne and Aneurin,  Bird, and Katsuyoshi Arai},
title = {OICETS on-orbit laser communication experiments},
journal = {Proc.SPIE},
volume = {6105},
number = {},
pages = {6105 - 6105 - 11},
year = {2006},
doi = {10.1117/12.673751}
}

@inproceedings{kovalik2014optical,
  title={Optical Communications Telescope Laboratory (OCTL) Support of Space to Ground Link Demonstrations},
  author={Kovalik, Joseph M and Wright, Malcolm and Roberts, William T and Biswasa, Abhijit},
  booktitle={SpaceOps 2014 Conference},
  pages={1710},
  year={2014}
}

@manual{ars_datasheet,
author = {},
title = {ARS-14 Sensors Datasheet},
date = {November 16, 2011},
language = {English},
version = {Version 1},
organization = {Applied Technology Associates},
year = {2002}
}

@article{Gahinet1994,
author = {Gahinet, Pascal and Apkarian, Pierre},
title = {A linear matrix inequality approach to $\mathcal{H}_{\infty}$ control},
journal = {International Journal of Robust and Nonlinear Control},
volume = {4},
number = {4},
pages = {421-448},
year = {1994}
}

@book{opphbook1975,
  title = {Digital Signal Processing},
  author = {Oppenheim, A.V., and Schaffer, R.W.},
  year={1975},
  publisher={Prentice-hall}
}

@book{boyd2004,
  title = {Convex Optimization},
  author = {Boyd, S. and Vandenberghe, L.},
  year={2004},
  publisher={Cambridge University Press}
}

@article{garnier2003,
author = { H.   Garnier  and  M.   Mensler  and  A.   Richard },
title = {Continuous-time model identification from sampled data: Implementation issues and performance evaluation},
journal = {International Journal of Control},
volume = {76},
number = {13},
pages = {1337-1357},
year  = {2003},
publisher = {Taylor & Francis},
}

@inproceedings{ljung2009experiments,
  title={Experiments with identification of continuous time models},
  author={Ljung, Lennart},
  year={2009},
  booktitle = {Proceedings of the 15th IFAC Symposium on System Identification}
}

@article{wang1994representation,
  title={Representation of uncertain time delays in the $\mathcal{H}_{\infty}$ framework},
  author={Wang, Zi-Qin and Lundstr{\"o}m, Petter and Skogestad, Sigurd},
  journal={International Journal of Control},
  volume={59},
  number={3},
  pages={627--638},
  year={1994},
  publisher={Taylor \& Francis}
}

@manual{pi_s330,
author = {},
title = {PZ 149E User Manual S-330 Tip/Tilt Platform},
date = {July 24, 2007},
language = {English},
version = {Version 1.1.0},
organization = {Physik Instrumente},
pagetotal = {24},
year = {2007}
}

@INPROCEEDINGS{doyle1991, 
author={J. Doyle and A. Packard and K. Zhou}, 
booktitle={Proceedings of the 30th IEEE Conference on Decision and Control}, 
title={Review of LFTs, LMIs, and mu}, 
year={1991}, 
volume={}, 
number={}, 
pages={1227-1232 vol.2}
}

@inproceedings{zhou1993frequency,
  title={Frequency weighted model reduction with $\mathcal{L}_{\infty}$ error bounds},
  author={Zhou, Kemin},
  booktitle={American Control Conference, 1993},
  pages={2123--2127},
  year={1993},
  organization={IEEE}
}

@article{safonov1988model,
  title={Model reduction for robust control: A Schur relative error method},
  author={Safonov, MG and Chiang, RY},
  journal={International Journal of Adaptive Control and Signal Processing},
  volume={2},
  number={4},
  pages={259--272},
  year={1988},
  publisher={Wiley Online Library}
}

@inproceedings{aller2008high,
  title={High order test bench for extreme adaptive optics system optimization},
  author={Aller-Carpentier, Emmanuel and Kasper, Markus and Martinez, Patrice and Vernet, Elise and Fedrigo, Enrico and Soenke, Christian and Tordo, S\'ebastien and Hubin, Norbert and Verinaud, Christophe and Esposito, Simone and others},
  booktitle={Adaptive Optics Systems},
  volume={7015},
  pages={70153Z},
  year={2008},
  organization={International Society for Optics and Photonics}
}

@INPROCEEDINGS{sentinel2, 
author={P. Martimort and O. Arino and M. Berger and R. Biasutti and B. Carnicero and U. Del Bello and V. Fernandez and F. Gascon and B. Greco and P. Silvestrin and F. Spoto and O. Sy}, 
booktitle={2007 IEEE International Geoscience and Remote Sensing Symposium}, 
title={Sentinel-2 optical high resolution mission for GMES operational services}, 
year={2007}, 
volume={}, 
number={}, 
pages={2677-2680}, 
doi={10.1109/IGARSS.2007.4423394}, 
ISSN={2153-6996}, 
month={July}
}