@book{abeyaratne2012notes,
  title={Lecture Notes on the Mechanics of Elastic Solids. Volume II: Continuum Mechanics},
  author={Abeyaratne, R.},
  edition = {1st},
  year = {2012},
  ISBN = {978-0-9791865-0-9},
  publisher   = {Cambridge, MA and Singapore},
}

@book{landau2012elasticity,
	title = {Theory of Elasticity},
	author = {Landau, L. D. and Pitaevskii, L. P. and Kosevich, A. M. and Lifshitz, E. M.},
	publisher = {Butterworth Heinemann},
	edition = {Third},
	ISBN = {978-0-0805706-9-3},
	month = {Dec},
	year ={2012},
	pages = {195},
}

@book{marsden1994mathematical,
	title={Mathematical foundations of elasticity},
	author={Marsden, Jerrold E. and Hughes, Thomas JR},
	year={1994},
	publisher={Courier Corporation}
}

@phdthesis{lee2012mixed,
	title={Mixed methods with weak symmetry for time dependent problems of elasticity and viscoelasticity.},
	author={Lee, Jeonghun},
	school={University of Minnesota},
	year={2012}
}

@book{ciarlet1988mathematical,
	title={Mathematical Elasticity: Three-Dimensional Elasticity},
	author={Ciarlet, P. G.},
	series={Studies in mathematics and its applications},
	url={https://books.google.fr/books?id=H7JTnQAACAAJ},
	year={1988},
	publisher={North-Holland}
}

@article{cervera2010mixed,
	title = "Mixed stabilized finite element methods in nonlinear solid mechanics: Part I: Formulation",
	journal = "Computer Methods in Applied Mechanics and Engineering",
	volume = "199",
	number = "37",
	pages = "2559 - 2570",
	year = "2010",
	issn = "0045-7825",
	doi = "https://doi.org/10.1016/j.cma.2010.04.006",
	url = "http://www.sciencedirect.com/science/article/pii/S0045782510001234",
	author = "M. Cervera and M. Chiumenti and R. Codina",
	keywords = "Mixed finite element interpolations, Stabilization methods, Algebraic sub-grid scales, Orthogonal sub-grid scales, Nonlinear solid mechanics",
}

@article{hughes1978classical,
	title={Classical elastodynamics as a linear symmetric hyperbolic system},
	author={Hughes, Thomas J.R. and Marsden, Jerrold E.},
	journal={Journal of Elasticity},
	volume={8},
	number={1},
	pages={97--110},
	year={1978},
	publisher={Springer}
}

@book{grinfield2015,
	author = {M. Grinfeld},
	publisher = {John Wiley \& Sons Inc},
	title = {Mathematical Tools for Physicists},
	edition ={2nd},
	year = {2015},
	month = {jan},
	ibsn = {978-3-527-41188-7},
}

@book{olver1993,
	title={Applications of Lie groups to differential equations},
	author={P. J. Olver},
	volume={107},
	year={1993},
	publisher={Springer-Verlag New York},
	series= {Graduate texts in mathematics},
	edition ={2},
	isbn={978-0-387-95000-6},
}
