@article{beattie2018linear,
	title={Linear port-{H}amiltonian descriptor systems},
	author={Beattie, C. and Mehrmann, V. and Xu, H. and Zwart, H.},
	journal={Mathematics of Control, Signals, and Systems},
	volume={30},
	number={4},
	pages={17},
	year={2018},
	publisher={Springer}
}

@article{WeakForm_Kot,
title = "Weak form of {S}tokes-{D}irac structures and geometric discretization of port-{H}amiltonian systems",
journal = "Journal of Computational Physics",
volume = "361",
pages = "442 - 476",
year = "2018",
author = "Kotyczka, P. and Maschke, B. and Lefèvre, L.",
keywords = "Systems of conservation laws with boundary energy flows, Port-Hamiltonian systems, Mixed Galerkin methods, Geometric spatial discretization, Structure-preserving discretization"
}


@article{Trenchant,
author = {Trenchant, V. and Ramírez, H. and Le Gorrec, Y. and Kotyczka, P.},
year = {2018},
month = {06},
pages = {},
title = {Finite differences on staggered grids preserving the port-{H}amiltonian structure with application to an acoustic duct},
volume = {373},
journal = {Journal of Computational Physics},
doi = {10.1016/j.jcp.2018.06.051}
}


@inproceedings{CardosoRibeiro2018,
	booktitle = {6th IFAC Workshop on Lagrangian and Hamiltonian Methods for Nonlinear Control},
	title = {A structure-preserving Partitioned Finite Element Method for the 2D wave equation},
	author = {Cardoso-Ribeiro, F. L. and Matignon, D. and Lef{\`e}vre, L.},
	address = {Valpara{\'i}so, CL},
	year = {2018},
	pages = {1--6},
	keywords = {Distributed Parameter systems - Port-Hamiltonian systems, Finite Element Method - Geometric Discretization Methods - 2D Wave equation}
}



@misc{anass2020,
	title="A structure-preserving space-discretization for an anisotropic and
	heterogeneous boundary controlled {N}-dimensional wave equation
	as port-Hamiltonian system.",
	author="Haine, G. and Matignon, D. and Anass, S.",
	note="Submitted",
	year="2020",
}5

@book{LoggMardalEtAl2012,
	title = {Automated Solution of Differential Equations by the Finite Element Method},
	author = {Logg, A. and Mardal, K. A. and Wells, G. N. and others},
	year = {2012},
	publisher = {Springer},
	}

