@article{Trenchant,
author = {Trenchant, Vincent and Ram√≠rez, Hector and Le Gorrec, Yann and Kotyczka, Paul},
year = {2018},
month = {06},
pages = {},
title = {Finite differences on staggered grids preserving the port-{H}amiltonian structure with application to an acoustic duct},
volume = {373},
journal = {Journal of Computational Physics},
doi = {10.1016/j.jcp.2018.06.051}
}

@book{hairer2006geometric,
	title={Geometric numerical integration: structure-preserving algorithms for ordinary differential equations},
	author={E. Hairer and C. Lubich and G. Wanner},
	volume={31},
	year={2006},
	publisher={Springer Science \& Business Media}
}