@phdthesis{augner2016stabilization,
	title={Stabilization of infinite-dimensional port-Hamiltonian systems via dissipative boundary feedback},
	author={Augner, B. and Jacob, B.},
	year={2016},
	school={Ph. D. dissertation, Bergische Universit{\"a}t Wuppertal, 2016}
}

@article{beattie2018linear,
	title={Linear port-Hamiltonian descriptor systems},
	author={Beattie, C. and Mehrmann, V. and Xu, H. and Zwart, H.},
	journal={Mathematics of Control, Signals, and Systems},
	volume={30},
	number={4},
	pages={17},
	year={2018},
	publisher={Springer}
}


@incollection{vanderSchaft2013,
author="van der Schaft, A. J. ",
title="Port-Hamiltonian Differential-Algebraic Systems",
booktitle="Surveys in Differential-Algebraic Equations I",
year="2013",
publisher="Springer Berlin Heidelberg",
address="Berlin, Heidelberg",
pages="173--226",
}

@article{WeakForm_Kot,
title = "Weak form of {S}tokes-{D}irac structures and geometric discretization of port-Hamiltonian systems",
journal = "Journal of Computational Physics",
volume = "361",
pages = "442 - 476",
year = "2018",
author = "Kotyczka, P. and Maschke, B. and Lefèvre, L.",
keywords = "Systems of conservation laws with boundary energy flows, Port-Hamiltonian systems, Mixed Galerkin methods, Geometric spatial discretization, Structure-preserving discretization"
}

@article{Golo,
author = {Golo, G. and Talasila, V. and van der Schaft, A. J. and Maschke, B.},
title = {Hamiltonian Discretization of Boundary Control Systems},
journal = {Automatica},
issue_date = {May, 2004},
volume = {40},
number = {5},
month = may,
year = {2004},
pages = {757--771},
numpages = {15},
publisher = {Pergamon Press, Inc.},
address = {Tarrytown, NY, USA},
keywords = {Boundary control, Finite elements, Port-Hamiltonian systems, Spatial discretization},
} 

@book{bookPHs,
	title = "Modeling and Control of Complex Physical Systems",
	keywords = "IR-71392, METIS-268955, System Theory, EWI-17302, Port Hamiltonian Systems, Geoplex, Control",
	author = "Duindam, V. and Macchelli, A. and Stramigioli, S. and Bruyninckx, H.",
	year = "2009",
	publisher = "Springer Verlag",
}

@article{Trenchant,
author = {Trenchant, Vincent and Ramírez, Hector and Le Gorrec, Yann and Kotyczka, Paul},
year = {2018},
month = {06},
pages = {},
title = {Finite differences on staggered grids preserving the port-Hamiltonian structure with application to an acoustic duct},
volume = {373},
journal = {Journal of Computational Physics},
doi = {10.1016/j.jcp.2018.06.051}
}

@article{moulla:hal-01625008,
	TITLE = {Pseudo-spectral methods for the spatial symplectic reduction of open systems of conservation laws},
	AUTHOR = {Moulla, R. and Lefevre, L. and Maschke, B.},
	JOURNAL = {{Journal of Computational Physics}},
	PUBLISHER = {{Elsevier}},
	VOLUME = {231},
	NUMBER = {4},
	PAGES = {1272-1292},
	YEAR = {2012},
	}


@book{LoggMardalEtAl2012,
	title = {Automated Solution of Differential Equations by the Finite Element Method},
	author = {Logg, A. and Mardal, K. A. and Wells, G. N. and others},
	year = {2012},
	publisher = {Springer},
	}

@phdthesis{Villegas,
	title = "A Port-Hamiltonian Approach to Distributed Parameter Systems",
	keywords = "EWI-10038, IR-57842, METIS-241658",
	author = "Villegas, J.A.",
	year = "2007",
	month = "May",
	school = "University of Twente",
}


@article{VANDERSCHAFT2002166,
	title = "Hamiltonian formulation of distributed-parameter systems with boundary energy flow",
journal = "Journal of Geometry and Physics",
volume = "42",
number = "1",
pages = "166 - 194",
year = "2002",
doi = "10.1016/S0393-0440(01)00083-3",
author = "van der Schaft, A.J. and Maschke, B.",
keywords = "Distributed-parameter systems, Hamiltonian systems, Boundary variables, Dirac structures, Stokes’ theorem, Conservation laws"
}


@article{SESLIJA20121509,
	title = "Discrete exterior geometry approach to structure-preserving discretization of distributed-parameter port-{H}amiltonian systems",
	journal = "Journal of Geometry and Physics",
	volume = "62",
	number = "6",
	pages = "1509 - 1531",
	year = "2012",
	author = "Seslija, M. and van der Schaft, A. J. and  Scherpen, J. M.",
	keywords = "Port-Hamiltonian system, Dirac structure, Structure-preserving discretization"
}

@article{articleFlavio,
	volume = {69},
	month = {February},
	author = {Cardoso-Ribeiro, F. L. and Matignon, D. and Pommier-Budinger, V.},
	title = {A port-Hamiltonian model of liquid sloshing in moving containers and application to a fluid-structure system},
	publisher = {Elsevier},
	journal = {Journal of Fluids and Structures},
	pages = {402--427},
	year = {2017},
	keywords = {Port-Hamiltonian systems - Shallow-water sloshing - Moving container - Dynamic coupling - Interconnection of systems - Active control},
	doi = {10.1016/j.jfluidstructs.2016.12.007}
}


@inproceedings{CardosoRibeiro2018,
	booktitle = {6th IFAC Workshop on Lagrangian and Hamiltonian Methods for Nonlinear Control},
	title = {A structure-preserving Partitioned Finite Element Method for the 2D wave equation},
	author = {Cardoso-Ribeiro, F. L. and Matignon, D. and Lef{\`e}vre, L.},
	address = {Valpara{\'i}so, CL},
	year = {2018},
	pages = {1--6},
	keywords = {Distributed Parameter systems - Port-Hamiltonian systems, Finite Element Method - Geometric Discretization Methods - 2D Wave equation}
}

@article{LeGorrec2005,
	author = {Le~Gorrec, Y. and Zwart, H. and  Maschke, B.},
	doi = {10.1137/040611677},
	journal = {SIAM Journal on Control and Optimization},
	number = {5},
	pages = {1864--1892},
	title = {{Dirac structures and Boundary Control Systems associated with Skew-Symmetric Differential Operators}},
	volume = {44},
	year = {2005}
}

@article{CerveraIntFinite,
	author = {Cervera, J. and van der Schaft, A. J.  and Ba{\~{n}}os, A.},
	doi = {10.1016/J.AUTOMATICA.2006.08.014},
	journal = {Automatica},
	month = {feb},
	number = {2},
	pages = {212--225},
	publisher = {Pergamon},
	title = {{Interconnection of port-Hamiltonian systems and composition of Dirac structures}},
	volume = {43},
	year = {2007}
}

@article{ShaftIntInfinite,
	title = "Dirac structures and their composition on {H}ilbert spaces",
	keywords = "EWI-18300, MSC-47N70, Composition, Impedance conservative, Boundary colligation, Krein space, METIS-275633, IR-72604, Boundary triplet, Dirac structure",
	author = "M. Kurula and H. Zwart and A. J. van der Schaft and J. Behrndt",
	year = "2010",
	doi = "10.1016/j.jmaa.2010.07.004",
	volume = "372",
	pages = "402--422",
	journal = "Journal of mathematical analysis and applications",
	issn = "0022-247X",
	publisher = "Academic Press Inc.",
	number = "2",	
	note = "10.1016/j.jmaa.2010.07.004",
}


@book{BookZwart,
	title = "Linear Port-Hamiltonian Systems on Infinite-dimensional Spaces",
keywords = "EWI-22226, METIS-289681",
author = "Jacob, B. and Zwart, H.",
year = "2012",
doi = {10.1007/978-3-0348-0399-1},
series = "Operator Theory: Advances and Applications",
publisher = "Springer Verlag",
number = "223",
address = "Germany",
}

@article{Mehrmann2018,
author = {Egger, H. and Kugler, T. and Liljegren-Sailer, B. and Marheineke, N. and Mehrmann, V.},
title = {On Structure-Preserving Model Reduction for Damped Wave Propagation in Transport Networks},
journal = {SIAM Journal on Scientific Computing},
volume = {40},
number = {1},
pages = {A331-A365},
year = {2018},
doi = {10.1137/17M1125303},
}

@book{Grinfield,
author = {Grinfeld, M.},
publisher = {John Wiley \& Sons Inc},
title = {Mathematical Tools for Physicists},
edition ={2nd},
year = {2015},
chapter = {16},
month = {jan},
}

@unpublished{BrugnoliKir,
	title = {Port-Hamiltonian formulation and symplectic discretization of plate models. {P}art {II} : Kirchhoff model for thin plates},
	author = {Brugnoli, A. and Alazard, D. and Budinger, V. and Matignon, D.},
	year = {2018},
	note ={arXiv preprint:1809.11136, Under Revision},
}

@article{waveEqZwart,
	author = {Kurula, M. and Zwart, H.},
	title = {Linear wave systems on n-D spatial domains},
	journal = {International Journal of Control},
	volume = {88},
	number = {5},
	pages = {1063-1077},
	year  = {2015},
	publisher = {Taylor & Francis},
}


@article{firedrake,
	author =       {M. Homolya and D. A. Ham},
	title =        {A parallel edge orientation algorithm for
	quadrilateral meshes},
	journal =      {SIAM Journal on Scientific Computing},
	year =         {2016},
	volume =       {38},
	number =       {5},
	pages =        {S48--S61},
	doi =          {10.1137/15M1021325},
	archiveprefix ={arXiv},
	eprint =       {1505.03357},
	primaryclass = {cs.MS},
	url =          {http://arxiv.org/abs/1505.03357},
	note = {\url{http://arxiv.org/abs/1505.03357}}
}

@book{timoshenko1959theory,
	title={Theory of plates and shells},
	author={S. Timoshenko and S. Woinowsky-Krieger},
	lccn={58059675},
	series={Engineering societies monographs},
	year={1959},
	publisher={McGraw-Hill},
%	url={https://books.google.fr/books?id=rTQFAAAAMAAJ},
}
