@article{kotyczka2017discrete,
author = {Paul Kotyczka and Bernhard Maschke},
doi = {doi:10.1515/auto-2016-0098},
url = {https://doi.org/10.1515/auto-2016-0098},
title = {Discrete port-{H}amiltonian formulation and numerical approximation for systems of two conservation laws},
journal = {at - Automatisierungstechnik},
number = {5},
volume = {65},
year = {2017},
pages = {308--322},
}

@article{mehrmann2022control,
  title={Control of port-{H}amiltonian differential-algebraic systems and applications},
  author={Mehrmann, Volker and Unger, Benjamin},
  journal={arXiv preprint arXiv:2201.06590},
  year={2022}
}



@article{altmann2021poro,
author = {R. Altmann and V. Mehrmann and B. Unger},
title = {Port-{H}amiltonian formulations of poroelastic network models},
journal = {Mathematical and Computer Modelling of Dynamical Systems},
volume = {27},
number = {1},
pages = {429-452},
year  = {2021},
publisher = {Taylor & Francis},
doi = {10.1080/13873954.2021.1975137},
URL = {https://doi.org/10.1080/13873954.2021.1975137},
}

@book{paynter1961,
author = {H. M. Paynter},
title = {Analysis and design of engineering systems},
publisher = {MIT press},
year = {1961}
}

@article{vanderschaft2014port,
  title={Port-{H}amiltonian systems theory: An introductory overview},
  author={Van Der Schaft, Arjan and Jeltsema, Dimitri},
  journal={Foundations and Trends in Systems and Control},
  volume={1},
  number={2-3},
  pages={173--378},
  year={2014},
  publisher={Now Publishers Inc. Hanover, MA, USA}
}


@article{kreeft2011mimetic,
  title={Mimetic framework on curvilinear quadrilaterals of arbitrary order},
  author={Kreeft, Jasper and Palha, Artur and Gerritsma, Marc},
  journal={arXiv preprint arXiv:1111.4304},
  year={2011}
}


@article{volker2017review,
author = {John, Volker and Linke, Alexander and Merdon, Christian and Neilan, Michael and Rebholz, Leo G.},
title = {On the Divergence Constraint in Mixed Finite Element Methods for Incompressible Flows},
journal = {SIAM Review},
volume = {59},
number = {3},
pages = {492-544},
year = {2017},
doi = {10.1137/15M1047696},
URL = {https://doi.org/10.1137/15M1047696},
}

@article{haine2020numerical,
  title={Numerical analysis of a structure-preserving space-discretization for an anisotropic and heterogeneous boundary controlled $N$-dimensional wave equation as port-{H}amiltonian system},
  author={Haine, Ghislain and Matignon, Denis and Serhani, Anass},
  journal={arXiv preprint arXiv:2006.15032},
  year={2020}
}

@book{kotyczka2019numerical,
  title={Numerical Methods for Distributed Parameter Port-Hamiltonian Systems},
  author={Kotyczka, Paul},
  year={2019}
}


@article{reis2021pH,
title = {Some notes on port-{H}amiltonian systems on Banach spaces},
journal = {IFAC-PapersOnLine},
volume = {54},
number = {19},
pages = {223-229},
year = {2021},
note = {7th IFAC Workshop on Lagrangian and Hamiltonian Methods for Nonlinear Control LHMNC 2021},
issn = {2405-8963},
doi = {https://doi.org/10.1016/j.ifacol.2021.11.082},
url = {https://www.sciencedirect.com/science/article/pii/S2405896321021066},
author = {Timo Reis},
}


@article{tonti2014,
title = {Why starting from differential equations for computational physics?},
journal = {Journal of Computational Physics},
volume = {257},
pages = {1260-1290},
year = {2014},
note = {Physics-compatible numerical methods},
issn = {0021-9991},
doi = {https://doi.org/10.1016/j.jcp.2013.08.016},
url = {https://www.sciencedirect.com/science/article/pii/S0021999113005548},
author = {Enzo Tonti},
}

@article{liljegren2020port,
  title={On port-{H}amiltonian approximation of a nonlinear flow problem on networks},
  author={Liljegren-Sailer, Bj{\"o}rn and Marheineke, Nicole},
  journal={arXiv preprint arXiv:2009.11216},
  year={2020}
}

@Article{egger2019strucutre,
author={Egger, H.},
title={Structure preserving approximation of dissipative evolution problems},
journal={Numerische Mathematik},
year={2019},
month={Sep},
day={01},
volume={143},
number={1},
pages={85-106},
abstract={We present a framework for the systematic numerical approximation of nonlinear evolution problems with dissipation. The approach is based on rewriting the problem in a canonical form that complies with the underlying energy-dissipation structure. We show that the corresponding weak formulation then allows for a dissipation-preserving approximation by Galerkin methods in space and discontinuous Galerkin methods in time. The proposed methodology is rather general and can be applied to a wide range of applications. This is demonstrated by discussion of some typical examples ranging from diffusive partial differential equations to dissipative Hamiltonian systems.},
issn={0945-3245},
doi={10.1007/s00211-019-01050-w},
url={https://doi.org/10.1007/s00211-019-01050-w}
}

@article{licht2019smoothed,
  title={Smoothed projections and mixed boundary conditions},
  author={Licht, Martin},
  journal={Mathematics of Computation},
  volume={88},
  number={316},
  pages={607--635},
  year={2019}
}

@article{bauer2018str,
title = {A structure-preserving split finite element discretization of the split wave equations},
journal = {Applied Mathematics and Computation},
volume = {325},
pages = {375-400},
year = {2018},
issn = {0096-3003},
doi = {https://doi.org/10.1016/j.amc.2017.12.035},
url = {https://www.sciencedirect.com/science/article/pii/S0096300317308949},
author = {Werner Bauer and JÃ¶rn Behrens},
}

@inproceedings{vankerschaver2010,  
author={Vankerschaver, Joris and Yoshimura, Hiroaki and Leok, Melvin and Marsden, Jerrold E.},  
booktitle={49th IEEE Conference on Decision and Control (CDC)},   
title={Stokes-{D}irac structures through reduction of infinite-dimensional {D}irac structures},   
year={2010},  
volume={},  
number={},  
pages={6265-6270},
doi={10.1109/CDC.2010.5717698}
}


@book{arnold2021topological,
  title={Topological methods in hydrodynamics},
  author={Arnold, Vladimir I and Khesin, Boris A},
  volume={125},
  year={2021},
  publisher={Springer Nature}
}

@Article{kanso2007,
author={Kanso, Eva
and Arroyo, Marino
and Tong, Yiying
and Yavari, Arash
and Marsden, Jerrold G.
and Desbrun, Mathieu},
title={On the geometric character of stress in continuum mechanics},
journal={Zeitschrift f{\"u}r angewandte Mathematik und Physik},
year={2007},
month={Sep},
day={01},
volume={58},
number={5},
pages={843-856},
issn={1420-9039},
doi={10.1007/s00033-007-6141-8},
}

@Article{willems1972part1,
	author={Willems, Jan C.},
	title={Dissipative dynamical systems Part I: General theory},
	journal={Archive for Rational Mechanics and Analysis},
	year={1972},
	month={Jan},
	day={01},
	volume={45},
	number={5},
	pages={321-351},
}


@article{buffa2002,
title = {On traces for ${H}(\curl,{\Omega})$ in Lipschitz domains},
journal = {Journal of Mathematical Analysis and Applications},
volume = {276},
number = {2},
pages = {845-867},
year = {2002},
issn = {0022-247X},
doi = {https://doi.org/10.1016/S0022-247X(02)00455-9},
author = {A. Buffa and M. Costabel and D. Sheen},
}

@article{angoshtari2015differential,
  title={Differential complexes in continuum mechanics},
  author={Angoshtari, Arzhang and Yavari, Arash},
  journal={Archive for Rational Mechanics and Analysis},
  volume={216},
  number={1},
  pages={193--220},
  year={2015},
  publisher={Springer}
}