% Encoding: UTF-8
@article{zhang2021mass,
title = {A mass-, kinetic energy- and helicity-conserving mimetic dual-field discretization for three-dimensional incompressible {N}avier-{S}tokes equations, part {I}: Periodic domains},
journal = {Journal of Computational Physics},
pages = {110868},
year = {2021},
issn = {0021-9991},
doi = {https://doi.org/10.1016/j.jcp.2021.110868},
author = {Yi Zhang and Artur Palha and Marc Gerritsma and Leo G. Rebholz},
keywords = {Navier-Stokes equations, mimetic discretization, mass conservation, kinetic energy conservation, helicity conservation, de Rham complex},
}

@book{frankel2011geometry,
  title={The geometry of physics: an introduction},
  author={Frankel, Theodore},
  year={2011},
  publisher={Cambridge university press},
  edition={Third}
}

@incollection{maschke1993pH,
title = {Port-controlled {H}amiltonian systems: modelling origins and systemtheoretic properties},
editor = {M. FLIESS},
booktitle = {Nonlinear Control Systems Design 1992},
publisher = {Pergamon},
address = {Oxford},
pages = {359-365},
year = {1993},
series = {IFAC Symposia Series},
isbn = {978-0-08-041901-5},
doi = {https://doi.org/10.1016/B978-0-08-041901-5.50064-6},
author = {B.M. Maschke and A.J. {van der Schaft}},
}

@article{courant1990,
author={Courant, Theodore James},
title={Dirac Manifolds},
journal={Transactions of the American Mathematical Society},
year={1990},
month={2021/12/24/},
publisher={American Mathematical Society},
volume={319},
number={2},
pages={631-661},
issn={00029947},
doi={10.2307/2001258},
}

@article{legorrec2005,
	author = {Le~Gorrec, Y. and Zwart, H. and Maschke, B.},
	doi = {10.1137/040611677},
	journal = {SIAM Journal on Control and Optimization},
	number = {5},
	pages = {1864--1892},
	title = {Dirac structures and Boundary Control Systems associated with Skew-Symmetric Differential Operators},
	volume = {44},
	year = {2005}
}

@article{skrepek2021,
title = {Well-posedness of linear first order port-{H}amiltonian Systems on multidimensional spatial domains},
journal = {Evolution Equations \& Control Theory},
volume = {10},
number = {4},
pages = {965-1006},
year = {2021},
author = {Nathanael Skrepek},
}

@phdthesis{villegas2007port,
  title={A port-{H}amiltonian approach to distributed parameter systems},
  author={Villegas, Javier Andres},
  year={2007},
  school={University of Twente}
}

@article{birgit2021riesz,
author = {Jacob, Birgit and Kaiser, Julia T. and Zwart, Hans},
title = {Riesz Bases of Port-{H}amiltonian Systems},
journal = {SIAM Journal on Control and Optimization},
volume = {59},
number = {6},
pages = {4646-4665},
year = {2021},
doi = {10.1137/20M1366216},
}

@article{augner2014stability,
title = {Stability and stabilization of infinite-dimensional linear port-{H}amiltonian systems},
journal = {Evolution Equations \& Control Theory},
volume = {3},
number = {2},
pages = {207-229},
year = {2014},
author = {Björn Augner and Birgit Jacob},
}

@article{ramirez2014exponential,
 author={Ramírez, Héctor and Le Gorrec, Yann and Macchelli, Alessandro and Zwart, Hans},
 journal={IEEE Transactions on Automatic Control}, 
 title={Exponential Stabilization of Boundary Controlled Port-{H}amiltonian Systems With Dynamic Feedback}, 
 year={2014},
 volume={59},
 number={10},
 pages={2849-2855},
 doi={10.1109/TAC.2014.2315754}}
 
@article{cervera2007int,
title = {Interconnection of port-{H}amiltonian systems and composition of {D}irac structures},
journal = {Automatica},
volume = {43},
number = {2},
pages = {212-225},
year = {2007},
issn = {0005-1098},
doi = {https://doi.org/10.1016/j.automatica.2006.08.014},
author = {J. Cervera and A.J. {van der Schaft} and A. Baños},
keywords = {Network modeling, Composition, Scattering, Star product, Casimirs},
}
 
@article{cardoso2017,
	volume = {69},
	month = {February},
	author = {Cardoso-Ribeiro, F.L. and Matignon, D. and Pommier-Budinger, V.},
	title = {A port-{H}amiltonian model of liquid sloshing in moving containers and application to a fluid-structure system},
	publisher = {Elsevier},
	journal = {Journal of Fluids and Structures},
	pages = {402--427},
	year = {2017},
	keywords = {Port-Hamiltonian systems - Shallow-water sloshing - Moving container - Dynamic coupling - Interconnection of systems - Active control},
	doi = {10.1016/j.jfluidstructs.2016.12.007},
}

@article{altmann2017reactive,
title = {A port-{H}amiltonian formulation of the {N}avier–{S}tokes equations for reactive flows},
journal = {Systems \& Control Letters},
volume = {100},
pages = {51-55},
year = {2017},
issn = {0167-6911},
doi = {https://doi.org/10.1016/j.sysconle.2016.12.005},
author = {R. Altmann and P. Schulze},
keywords = {Reactive flow, Port-Hamiltonian formulation, Navier–Stokes equations, Hamiltonian formulation, Energy-Based modeling},
}

@article{brugnoli2021thermo,
author = {A. Brugnoli and D. Alazard and V. Pommier-Budinger and D. Matignon},
title = {A Port-{H}amiltonian formulation of linear thermoelasticity and its mixed finite element discretization},
journal = {Journal of Thermal Stresses},
volume = {44},
number = {6},
pages = {643-661},
year  = {2021},
publisher = {Taylor & Francis},
doi = {10.1080/01495739.2021.1917322},
}

@article{rashad2021part1,
title = {Port-{H}amiltonian modeling of ideal fluid flow: Part {I}. Foundations and kinetic energy},
journal = {Journal of Geometry and Physics},
volume = {164},
pages = {104201},
year = {2021},
issn = {0393-0440},
doi = {https://doi.org/10.1016/j.geomphys.2021.104201},
author = {Ramy Rashad and Federico Califano and Frederic P. Schuller and Stefano Stramigioli},
keywords = {Port-Hamiltonian, Ideal fluid flow, Stokes-Dirac structures, Geometric fluid dynamics},
}

@article{rashad2021part2,
title = {Port-{H}amiltonian modeling of ideal fluid flow: Part {II}. Compressible and incompressible flow},
journal = {Journal of Geometry and Physics},
volume = {164},
pages = {104199},
year = {2021},
issn = {0393-0440},
doi = {https://doi.org/10.1016/j.geomphys.2021.104199},
author = {Ramy Rashad and Federico Califano and Frederic P. Schuller and Stefano Stramigioli},
keywords = {Port-Hamiltonian, Ideal fluid flow, Stokes–Dirac structures, Geometric fluid dynamics},
}

@article{califano2021ns,
author = {Califano, Federico  and Rashad, Ramy  and Schuller, Frederic P.  and Stramigioli, Stefano},
title = {Geometric and energy-aware decomposition of the {N}avier–{S}tokes equations: A port-{H}amiltonian approach},
journal = {Physics of Fluids},
volume = {33},
number = {4},
pages = {047114},
year = {2021},
doi = {10.1063/5.0048359},
}


@article{rashad2020review,
	author = {Rashad, R. and Califano, F. and van der Schaft, A.J. and Stramigioli, S.},
	title = {Twenty years of distributed port-{H}amiltonian systems: a literature review},
	journal = {IMA Journal of Mathematical Control and Information},
	year = {2020},
	month = {07},
	issn = {1471-6887},
	doi = {10.1093/imamci/dnaa018},
}

@article{golo2004hamiltonian,
	title={Hamiltonian discretization of boundary control systems},
	author={Golo, G. and Talasila, V. and Van Der Schaft, A.J. and Maschke, B.},
	journal={Automatica},
	volume={40},
	number={5},
	pages={757--771},
	year={2004},
	publisher={Elsevier}
}

@article{moulla2012pseudo,
	title={Pseudo-spectral methods for the spatial symplectic reduction of open systems of conservation laws},
	author={Moulla, R. and Lefevre, L. and Maschke, B.},
	journal={Journal of computational Physics},
	volume={231},
	number={4},
	pages={1272--1292},
	year={2012},
	publisher={Elsevier}
}

@article{trenchant2018,
	author = {Trenchant, V. and Ram\'irez, H. and Le Gorrec, Y. and Kotyczka, P.},
	year = {2018},
	month = {06},
	pages = {},
	title = {Finite differences on staggered grids preserving the port-{H}amiltonian structure with application to an acoustic duct},
	volume = {373},
	journal = {Journal of Computational Physics},
	doi = {10.1016/j.jcp.2018.06.051}
}


@article{seslija2014simplicial,
title = {Explicit simplicial discretization of distributed-parameter port-{H}amiltonian systems},
journal = {Automatica},
volume = {50},
number = {2},
pages = {369-377},
year = {2014},
issn = {0005-1098},
doi = {https://doi.org/10.1016/j.automatica.2013.11.020},
author = {Marko Seslija and Jacquelien M.A. Scherpen and Arjan {van der Schaft}},
keywords = {Port-Hamiltonian systems, Dirac structures, Distributed-parameter systems, Structure-preserving discretization, Discrete geometry},
}

@article{geuzaine2009gmsh,
author = {Geuzaine, Christophe and Remacle, Jean-François},
title = {Gmsh: A 3-D finite element mesh generator with built-in pre- and post-processing facilities},
journal = {International Journal for Numerical Methods in Engineering},
volume = {79},
number = {11},
pages = {1309-1331},
keywords = {computer-aided design, mesh generation, post-processing, finite element method, open-source software},
doi = {https://doi.org/10.1002/nme.2579},
year = {2009}
}



@InProceedings{bochev2006,
author="Bochev, Pavel B.
and Hyman, James M.",
editor="Arnold, Douglas N.
and Bochev, Pavel B.
and Lehoucq, Richard B.
and Nicolaides, Roy A.
and Shashkov, Mikhail",
title="Principles of Mimetic Discretizations of Differential Operators",
booktitle="Compatible Spatial Discretizations",
year="2006",
publisher="Springer New York",
address="New York, NY",
pages="89--119",
}

@Article{hiptmair2001,
author={Hiptmair, R.},
title={Discrete {H}odge operators},
journal={Numerische Mathematik},
year={2001},
month={Dec},
day={01},
volume={90},
number={2},
pages={265-289},
issn={0945-3245},
doi={10.1007/s002110100295},
}

@book{greiner1996,
  author = {Walter Greiner and
Joachim Reinhardt},
  year = {1996},
  title = {Field Quantization},
  publisher = {Springer-Verlag Berlin Heidelberg},
  edition = {First}, 
}

@article{rathgeber2017firedrake,
	title={Firedrake: automating the finite element method by composing abstractions},
	author={Rathgeber, F. and Ham, D.A. and Mitchell, L. and Lange, M. and Luporini, F. and McRae, A.T.T. and Bercea, G.T. and Markall, G.R. and Kelly, P.H.J.},
	journal={ACM Transactions on Mathematical Software (TOMS)},
	volume={43},
	number={3},
	pages={24},
	year={2017},
	publisher={ACM}
}


@book{logg2012,
	title = {Automated Solution of Differential Equations by the Finite Element Method},
	author = {Logg, A. and Mardal, K.A. and Wells, G.N. and others},
	year = {2012},
	publisher = {Springer},
}

@article{arnold2006acta, 
title={Finite element exterior calculus, homological techniques, and applications},
volume={15}, 
doi={10.1017/S0962492906210018}, 
journal={Acta Numerica}, 
publisher={Cambridge University Press}, 
author={Arnold, Douglas N. and Falk, Richard S. and Winther, Ragnar}, year={2006}, 
pages={1–155}
}

@book{whitney1957,
author = {Hassler Whitney},
doi = {10.1515/9781400877577},
title = {Geometric Integration Theory},
year = {1957},
publisher = {Princeton University Press},
ISBN = {9781400877577}
}


@book{arnold2018finite,
  title={Finite element exterior calculus},
  author={Arnold, Douglas N.},
  year={2018},
  publisher={Society for Industrial and Applied Mathematics}
}


@article{lohi2021,
title = {Whitney forms and their extensions},
journal = {Journal of Computational and Applied Mathematics},
volume = {393},
pages = {113520},
year = {2021},
issn = {0377-0427},
doi = {https://doi.org/10.1016/j.cam.2021.113520},
author = {Jonni Lohi and Lauri Kettunen},
keywords = {Whitney forms},
}


@phdthesis{gillette2011stability,
  title={Stability of dual discretization methods for partial differential equations},
  school={The University of Texas Austin},
  author={Gillette, Andrew Kruse},
  year={2011}
}

@book{abraham2012manifolds,
  title={Manifolds, tensor analysis, and applications},
  author={Abraham, Ralph and Marsden, Jerrold E and Ratiu, Tudor},
  volume={75},
  year={2012},
  publisher={Springer Science \& Business Media}
}


@article{vanderSchaft2002,
title = {Hamiltonian formulation of distributed-parameter systems with boundary energy flow},
journal = {Journal of Geometry and Physics},
volume = {42},
number = {1},
pages = {166-194},
year = {2002},
issn = {0393-0440},
doi = {https://doi.org/10.1016/S0393-0440(01)00083-3},
author = {A.J. {van der Schaft} and B.M. Maschke},
keywords = {Distributed-parameter systems, Hamiltonian systems, Boundary variables, Dirac structures, Stokes’ theorem, Conservation laws},
}

@book{olver1986applications,
  title={Applications of Lie groups to differential equations},
  author={Olver, Peter J},
  year={1986},
  publisher={Springer-Verlag New York}
}

@article{hiemstra2014,
title = {High order geometric methods with exact conservation properties},
journal = {Journal of Computational Physics},
volume = {257},
pages = {1444-1471},
year = {2014},
issn = {0021-9991},
doi = {https://doi.org/10.1016/j.jcp.2013.09.027},
author = {R.R. Hiemstra and D. Toshniwal and R.H.M. Huijsmans and M.I. Gerritsma},
keywords = {Compatible discretization, High order methods, Conservation principles, Stokes flow, B-splines},
}


@article{kotyczka2018weak,
title = {Weak form of {S}tokes–{D}irac structures and geometric discretization of port-{H}amiltonian systems},
journal = {Journal of Computational Physics},
volume = {361},
pages = {442-476},
year = {2018},
issn = {0021-9991},
doi = {https://doi.org/10.1016/j.jcp.2018.02.006},
author = {Paul Kotyczka and Bernhard Maschke and Laurent Lefèvre},
keywords = {Systems of conservation laws with boundary energy flows, Port-Hamiltonian systems, Mixed Galerkin methods, Geometric spatial discretization, Structure-preserving discretization},
}


@article{cardoso2020pfem,
    author = {Cardoso-Ribeiro, Flávio Luiz and Matignon, Denis and Lefèvre, Laurent},
    title = "{A partitioned finite element method for power-preserving discretization of open systems of conservation laws}",
    journal = {IMA Journal of Mathematical Control and Information},
    volume = {38},
    number = {2},
    pages = {493-533},
    year = {2020},
    month = {12},
    issn = {1471-6887},
    doi = {10.1093/imamci/dnaa038},
}

@article{lu2019weak,
title = {Weak impositions of {D}irichlet boundary conditions in solid mechanics: A critique of current approaches and extension to partially prescribed boundaries},
journal = {Computer Methods in Applied Mechanics and Engineering},
volume = {348},
pages = {632-659},
year = {2019},
issn = {0045-7825},
doi = {https://doi.org/10.1016/j.cma.2019.01.035},
author = {Kaizhou Lu and Charles E. Augarde and William M. Coombs and Zhendong Hu},
keywords = {Dirichlet boundary conditions, Fictitious domain, Immersed boundary, Lagrange multipliers, Nitsche’s method, Implicit boundary method},
}


@phdthesis{brugnoli2020,
  author       = {A.~Brugnoli}, 
  title        = {A port-{H}amiltonian formulation of flexible structures. Modelling and structure-preserving finite element discretization},
  school       = {Universit\'e de Toulouse, ISAE-SUPAERO, France},
  year         = 2020,
}


@article{benner2015timebc,
    author = {Peter Benner and Jan Heiland},
    title = {Time-dependent {D}irichlet conditions in finite element discretizations},
    journal = {ScienceOpen Research},
    volume = {0},
    number = {0},
    pages = {1-18},
    year = {2015},
    month = {12},
    issn = {1471-6887},
    doi = {10.14293/S2199-1006.1.SOR-MATH.AV2JW3.v1},
}

@article{gunzburger1992,
author = {Gunzburger, Max D. and Hou, Steven L.},
title = {Treating Inhomogeneous Essential Boundary Conditions in Finite Element Methods and the Calculation of Boundary Stresses},
journal = {SIAM Journal on Numerical Analysis},
volume = {29},
number = {2},
pages = {390-424},
year = {1992},
doi = {10.1137/0729024},
}

@article{sanzserna1992, 
title={Symplectic integrators for {H}amiltonian problems: an overview}, 
volume={1}, 
DOI={10.1017/S0962492900002282}, 
journal={Acta Numerica}, 
publisher={Cambridge University Press}, 
author={Sanz-Serna, J. M.}, 
year={1992}, 
pages={243–286}
}


@article{kotyczka2019discrete,
title = {Discrete-time port-{H}amiltonian systems: A definition based on symplectic integration},
journal = {Systems \& Control Letters},
volume = {133},
pages = {104530},
year = {2019},
issn = {0167-6911},
doi = {https://doi.org/10.1016/j.sysconle.2019.104530},
author = {Paul Kotyczka and Laurent Lefèvre},
keywords = {Port-Hamiltonian systems, Dirac structures, Discrete-time systems, Geometric numerical integration, Symplectic methods},
}


@article{wu2021hodgewave,
author = {Wu, Yongke and Bai, Yanhong},
title = {Error Analysis of Energy-Preserving Mixed Finite Element Methods for the {H}odge Wave Equation},
journal = {SIAM Journal on Numerical Analysis},
volume = {59},
number = {3},
pages = {1433-1454},
year = {2021},
doi = {10.1137/19M1307950},
}

@book{hirani2003discrete,
  title={Discrete exterior calculus},
  author={Hirani, Anil Nirmal},
  year={2003},
  publisher={California Institute of Technology}
}

@article{beattie2018pHDAE,
author={Beattie, Christopher
and Mehrmann, Volker
and Xu, Hongguo
and Zwart, Hans},
title={Linear port-{H}amiltonian descriptor systems},
journal={Mathematics of Control, Signals, and Systems},
year={2018},
month={Oct},
day={20},
volume={30},
number={4},
pages={17},
issn={1435-568X},
doi={10.1007/s00498-018-0223-3},
}

@inproceedings{farle2013,
  author={Farle, O. and Klis, D. and Jochum, M. and Floch, O. and Dyczij-Edlinger, R.},
  booktitle={2013 International Conference on Electromagnetics in Advanced Applications (ICEAA)}, 
  title={A port-{H}amiltonian finite-element formulation for the {M}axwell equations}, 
  year={2013},
  volume={},
  number={},
  pages={324-327},
  doi={10.1109/ICEAA.2013.6632246}
 }
  
@article{payen2020,
title = {Modelling and structure-preserving discretization of {M}axwell’s equations as port-{H}amiltonian system},
journal = {IFAC-PapersOnLine},
volume = {53},
number = {2},
pages = {7581-7586},
year = {2020},
note = {21st IFAC World Congress},
issn = {2405-8963},
doi = {https://doi.org/10.1016/j.ifacol.2020.12.1355},
author = {Gabriel Payen and Denis Matignon and Ghislain Haine},
keywords = {Maxwell’s equations, port-Hamiltonian system, Partitioned Finite Element Method, Dirac structure, impedance, boundary control, observation},
}

@ARTICLE{asad2019maxwell,  
author={Anees, Asad and Angermann, Lutz},  
journal={IEEE Access},
title={Time Domain Finite Element Method for {M}axwell’s Equations},   year={2019},  
volume={7},  
number={},  
pages={63852-63867},  
doi={10.1109/ACCESS.2019.2916394}}

@article{jain2021algdual,
title = {Construction and application of algebraic dual polynomial representations for finite element methods on quadrilateral and hexahedral meshes},
journal = {Computers \& Mathematics with Applications},
volume = {95},
pages = {101-142},
year = {2021},
issn = {0898-1221},
doi = {https://doi.org/10.1016/j.camwa.2020.09.022},
author = {V. Jain and Y. Zhang and A. Palha and M. Gerritsma},
keywords = {Finite element method, Spectral element method, Algebraic dual representations, de Rham sequence, Poisson problem, Eigenvalue problem},
}

@article{arnold2014weak,
author = {Arnold, Douglas N. and Lee, Jeonghun J.},
title = {Mixed Methods for Elastodynamics with Weak Symmetry},
journal = {SIAM Journal on Numerical Analysis},
volume = {52},
number = {6},
pages = {2743-2769},
year = {2014},
doi = {10.1137/13095032X},
}

@article{palha2014mimetic,
title = {Physics-compatible discretization techniques on single and dual grids, with application to the {P}oisson equation of volume forms},
journal = {Journal of Computational Physics},
volume = {257},
pages = {1394-1422},
year = {2014},
note = {Physics-compatible numerical methods},
issn = {0021-9991},
doi = {https://doi.org/10.1016/j.jcp.2013.08.005},
author = {Artur Palha and Pedro Pinto Rebelo and René Hiemstra and Jasper Kreeft and Marc Gerritsma},
keywords = {Mimetic discretization, Differential forms, Single grid, Dual grid, Geometric flexibility, Darcy flow},
}@article{iftime2014kernel,
  title={A kernel representation of {D}irac structures for infinite-dimensional systems},
  author={Iftime, Orest V and Roman, M and Sandovici, A},
  journal={Mathematical Modelling of Natural Phenomena},
  volume={9},
  number={5},
  pages={295--308},
  year={2014},
  publisher={EDP Sciences}
}
@Comment{jabref-meta: databaseType:bibtex;}
