%% LaTeX2e file `biblio_Mindlin.bib'
%% generated by the `filecontents' environment
%% from source `Mindlin_Part_ArXiV' on 2018/09/28.
%%
@book{timoshenko1959theory,
 title={Theory of plates and shells},
 author={S. Timoshenko and S. Woinowsky-Krieger},
 lccn={58059675},
 series={Engineering societies monographs},
 url={https://books.google.fr/books?id=rTQFAAAAMAAJ},
 year={1959},
 publisher={McGraw-Hill}
}

@INPROCEEDINGS{MacchelliMindlin,
 author={A. Macchelli and C. Melchiorri and L. Bassi},
 booktitle={Proceedings of the 44th IEEE Conference on Decision and Control},
 title={Port-based Modelling and Control of the {M}indlin Plate},
 year={2005},
 volume={},
 number={},
 pages={5989-5994},
 keywords={Boundary conditions;Damping;Distributed control;Distributed parameter systems;Elasticity;Electromagnetic heating;Fluid dynamics;Mechanical systems;Piezoelectricity;Power system interconnection},
 doi={10.1109/CDC.2005.1583120},
 note = {\url{https://doi.org/10.1109/CDC.2005.1583120}},
 ISSN={0191-2216},
 month={Dec},}

@article{beattie2017port,
 title={Port-{H}amiltonian descriptor systems},
 author={C. Beattie and V. Mehrmann and H. Xu and H. Zwart},
 journal={arXiv preprint arXiv:1705.09081},
 year={2017}
}

@Inbook{vanderSchaft2013,
 author="A. J. van der Schaft",
 editor="Ilchmann, Achim
 and Reis, Timo",
 title="Port-Hamiltonian Differential-Algebraic Systems",
 bookTitle="Surveys in Differential-Algebraic Equations I",
 year="2013",
 publisher="Springer Berlin Heidelberg",
 address="Berlin, Heidelberg",
 pages="173--226",
 abstract="The basic starting point of port-Hamiltonian systems theory is network modeling; considering the overall physical system as the interconnection of simple subsystems, mutually influencing each other via energy flow. As a result of the interconnections algebraic constraints between the state variables commonly arise. This leads to the description of the system by differential-algebraic equations (DAEs), i.e., a combination of ordinary differential equations with algebraic constraints. The basic point of view put forward in this survey paper is that the differential-algebraic equations that arise are not just arbitrary, but are endowed with a special mathematical structure; in particular with an underlying geometric structure known as a Dirac structure. It will be discussed how this knowledge can be exploited for analysis and control.",
 isbn="978-3-642-34928-7",
 doi="10.1007/978-3-642-34928-7_5",
 url="https://doi.org/10.1007/978-3-642-34928-7_5",
 note = "\url{https://doi.org/10.1007/978-3-642-34928-7_5}",
}

@article{mindlin,
 title={Influence of {R}otatory {I}nertia and {s}hear on {F}lexural {M}otions of {I}sotropic {E}lastic {P}lates},
 author={R. D. Mindlin},
 journal={Journal of Applied Mechanics},
 pages={31-38},
 year={1951},
 month={March},
 volume = {18}
}

@inbook{MacchelliModelling,
 author = {A. Macchelli and A. J. van der Schaft and C. Melchiorri},
 year = {2005},
 month = {01},
 pages = {3762 - 3767},
 title = {Port Hamiltonian formulation of infinite dimensional systems I. Modeling},
 volume = {4},
 isbn = {0-7803-8682-5},
 booktitle = {Proceedings of the IEEE Conference on Decision and Control},
 doi ={10.1109/CDC.2004.1429324},
 note = {\url{https://doi.org/10.1109/CDC.2004.1429324}},
}

@article{SCHOBERL2015610,
 title = "Lagrangian and Port-Hamiltonian formulation for Distributed-parameter systems",
 journal = "IFAC-PapersOnLine",
 volume = "48",
 number = "1",
 pages = "610 - 615",
 year = "2015",
 note = "8th Vienna International Conference on Mathematical Modelling",
 issn = "2405-8963",
 doi = "https://doi.org/10.1016/j.ifacol.2015.05.025",
 url = "http://www.sciencedirect.com/science/article/pii/S2405896315000269",
 note = "\url{https://doi.org/10.1016/j.ifacol.2015.05.025}",
 author = "M. Schöberl and K. Schlacher",
 keywords = "Differential geometric methods, Lagrangian and Hamiltonian Systems, Partial differential equations"
}

@INPROCEEDINGS{SchobertMindlin,
 author={M. Schöberl and A. Siuka},
 booktitle={2013 European Control Conference (ECC)},
 title={Analysis and comparison of port-{H}amiltonian formulations for field theories - demonstrated by means of the {M}indlin plate},
 year={2013},
 volume={},
 number={},
 pages={548-553},
 keywords={partial differential equations;variational techniques;Lagrangian framework;Mindlin plate;Stokes-Dirac structures;boundary conditions;bundle structure;distributed parameter system;field theories;motion equations;partial differential equations;port-Hamiltonian formulations;two-dimensional spatial domain;variational principle;Boundary conditions;DH-HEMTs;Equations;Mathematical model;Partial differential equations;Tensile stress;Vectors},
 doi={10.23919/ECC.2013.6669137},
 note = {\url{https://doi.org/10.23919/ECC.2013.6669137}},
 ISSN={},
 month={July},}


@article{KOTYCZKA2016298,
 title = "Finite Volume Structure-Preserving Discretization of 1D Distributed-Parameter Port-Hamiltonian Systems",
 journal = "IFAC-PapersOnLine",
 volume = "49",
 number = "8",
 pages = "298 - 303",
 year = "2016",
 note = "2nd IFAC Workshop on Control of Systems Governed by Partial Differential Equations CPDE 2016",
 issn = "2405-8963",
 doi = "https://doi.org/10.1016/j.ifacol.2016.07.457",
 url = "http://www.sciencedirect.com/science/article/pii/S2405896316306656",
 note ="\url{https://doi.org/10.1016/j.ifacol.2016.07.457}",
 author = "P. Kotyczka",
 keywords = "Port-Hamiltonian systems, systems of conservation laws, distributed-parameter systems, semi-discretiziation, finite volume methods"
}

@article{WeakForm_Kot,
 title = "Weak form of {S}tokes–{D}irac structures and geometric discretization of port-Hamiltonian systems",
 journal = "Journal of Computational Physics",
 volume = "361",
 pages = "442 - 476",
 year = "2018",
 issn = "0021-9991",
 doi = "https://doi.org/10.1016/j.jcp.2018.02.006",
 url = "http://www.sciencedirect.com/science/article/pii/S0021999118300822",
 note = "\url{https://doi.org/10.1016/j.jcp.2018.02.006}",
 author = "P. Kotyczka and B. Maschke and L. Lefèvre",
 keywords = "Systems of conservation laws with boundary energy flows, Port-Hamiltonian systems, Mixed Galerkin methods, Geometric spatial discretization, Structure-preserving discretization"
}

@article{Golo,
 author = {G. Golo and V. Talasila and A. J. van der Schaft and B. Maschke},
 title = {Hamiltonian Discretization of Boundary Control Systems},
 journal = {Automatica},
 issue_date = {May, 2004},
 volume = {40},
 number = {5},
 month = may,
 year = {2004},
 issn = {0005-1098},
 pages = {757--771},
 numpages = {15},
 url = {http://dx.doi.org/10.1016/j.automatica.2003.12.017},
 note = "\url{http://dx.doi.org/10.1016/j.automatica.2003.12.017}",
 doi = {10.1016/j.automatica.2003.12.017},
 acmid = {2239347},
 publisher = {Pergamon Press, Inc.},
 address = {Tarrytown, NY, USA},
 keywords = {Boundary control, Finite elements, Port-Hamiltonian systems, Spatial discretization},
}

@book{bookPHs,
 title = "Modeling and Control of Complex Physical Systems",
 keywords = "IR-71392, METIS-268955, System Theory, EWI-17302, Port Hamiltonian Systems, Geoplex, Control",
 author = "V. Duindam and A. Macchelli and S. Stramigioli and H. Bruyninckx",
 year = "2009",
 doi = "10.1007/978-3-642-03196-0",
 note ="\url{https://doi.org/10.1007/978-3-642-03196-0}",
 isbn = "978-3-642-03195-3",
 publisher = "Springer Verlag",
}

@INPROCEEDINGS{Trenchant,
 author={V. Trenchant and H. Ramirez and Y. Le~Gorrec and P. Kotyczka},
 booktitle={2017 American Control Conference (ACC)},
 title={Structure preserving spatial discretization of 2D hyperbolic systems using staggered grids finite difference},
 year={2017},
 volume={},
 number={},
 pages={2491-2496},
 keywords={discrete systems;finite difference methods;geometry;hyperbolic equations;multidimensional systems;2D hyperbolic systems;Dirac structure;boundary port variables;discretization step;finite difference spatial discretization scheme;geometric structure;infinite dimensional hyperbolic systems;port-Hamiltonian structure;staggered grids finite difference;structure preserving spatial discretization;Acoustics;Boundary conditions;Eigenvalues and eigenfunctions;Mathematical model;Numerical models;Propagation;Two dimensional displays;Distributed port-Hamiltonian systems;finite difference method;staggered grids;wave propagation},
 doi={10.23919/ACC.2017.7963327},
 note = {\url{https://doi.org/10.23919/ACC.2017.7963327}},
 ISSN={},
 month={May},}

@article{moulla:hal-01625008,
 TITLE = {Pseudo-spectral methods for the spatial symplectic reduction of open systems of conservation laws},
 AUTHOR = {R. Moulla and L. Lefevre and B. Maschke},
 URL = {https://hal.archives-ouvertes.fr/hal-01625008},
 JOURNAL = {{Journal of Computational Physics}},
 PUBLISHER = {{Elsevier}},
 VOLUME = {231},
 NUMBER = {4},
 PAGES = {1272-1292},
 YEAR = {2012},
 DOI = {10.1016/j.jcp.2011.10.008},
 note = "\url{https://doi.org/10.1016/j.jcp.2011.10.008}",
 HAL_ID = {hal-01625008},
 HAL_VERSION = {v1},
}

@inbook{PHbookShaft,
 url = {http://dx.doi.org/10.1561/2600000002},
 note = {\url{http://dx.doi.org/10.1561/2600000002}},
 year = {2014},
 volume = {1},
 journal = {Foundations and Trends® in Systems and Control},
 title = {Port-Hamiltonian Systems Theory: An Introductory Overview},
 doi = {10.1561/2600000002},
 issn = {2325-6818},
 number = {2-3},
 pages = {173-378},
 author = {A. J. van der Schaft and D. Jeltsema}
}

@book{LoggMardalEtAl2012,
 title = {Automated Solution of Differential Equations by the Finite Element Method},
 author = {A. Logg and K. A. Mardal and G. N. Wells and others},
 year = {2012},
 publisher = {Springer},
 doi = {10.1007/978-3-642-23099-8},
 note = {\url{https://doi.org/10.1007/978-3-642-23099-8}},
 isbn = {978-3-642-23098-1},
}

@phdthesis{Villegas,
 title = "A Port-Hamiltonian Approach to Distributed Parameter Systems",
 keywords = "EWI-10038, IR-57842, METIS-241658",
 author = "J.A. Villegas",
 year = "2007",
 month = "May",
 isbn = "978-90-365-2489-6",
 school = "University of Twente",
}

@book{FEM_Cook,
 author = {R. D. Cook and D. S. Malkus and M. E. Plesha and R. J. Witt},
 publisher = {John Wiley \& Sons Inc},
 year = {2002},
 month = {Jan},
 title = {Concepts and Applications of Finite Element Analysis: 4th Edition}
}


@article{MacchelliTimo,
 author = {A. Macchelli and C. Melchiorri},
 title = {Modeling and Control of the {T}imoshenko Beam. {T}he Distributed Port {H}amiltonian Approach},
 journal = {SIAM Journal on Control and Optimization},
 volume = {43},
 number = {2},
 pages = {743-767},
 year = {2004},
 doi = {10.1137/S0363012903429530},
 URL = {https://doi.org/10.1137/S0363012903429530},
 note = {\url{https://doi.org/10.1137/S0363012903429530}},
 eprint = {https://doi.org/10.1137/S0363012903429530}
}



@article{VANDERSCHAFT2002166,
 title = "Hamiltonian formulation of distributed-parameter systems with boundary energy flow",
 journal = "Journal of Geometry and Physics",
 volume = "42",
 number = "1",
 pages = "166 - 194",
 year = "2002",
 issn = "0393-0440",
 doi = "https://doi.org/10.1016/S0393-0440(01)00083-3",
 url = "http://www.sciencedirect.com/science/article/pii/S0393044001000833",
 note = "\url{https://doi.org/10.1016/S0393-0440(01)00083-3}",
 author = "A.J. van der Schaft and B. Maschke",
 keywords = "Distributed-parameter systems, Hamiltonian systems, Boundary variables, Dirac structures, Stokes’ theorem, Conservation laws"
}


@article{SESLIJA20121509,
 title = "Discrete exterior geometry approach to structure-preserving discretization of distributed-parameter port-{H}amiltonian systems",
 journal = "Journal of Geometry and Physics",
 volume = "62",
 number = "6",
 pages = "1509 - 1531",
 year = "2012",
 issn = "0393-0440",
 doi = "https://doi.org/10.1016/j.geomphys.2012.02.006",
 url = "http://www.sciencedirect.com/science/article/pii/S0393044012000423",
 note = "\url{https://doi.org/10.1016/j.geomphys.2012.02.006}",
 author = "M. Seslija and A. J. van der Schaft and J. M. Scherpen",
 keywords = "Port-Hamiltonian system, Dirac structure, Structure-preserving discretization"
}

@article{articleFlavio,
 volume = {69},
 month = {February},
 author = {F. L. Cardoso-Ribeiro and D. Matignon and V. Pommier-Budinger},
 title = {A port-Hamiltonian model of liquid sloshing in moving containers and application to a fluid-structure system},
 publisher = {Elsevier},
 journal = {Journal of Fluids and Structures},
 pages = {402--427},
 year = {2017},
 keywords = {Port-Hamiltonian systems - Shallow-water sloshing - Moving container - Dynamic coupling - Interconnection of systems - Active control},
 url = {http://oatao.univ-toulouse.fr/17478/},
 note = {\url{http://dx.doi.org/10.1016/j.jfluidstructs.2016.12.007}},
 doi = {http://dx.doi.org/10.1016/j.jfluidstructs.2016.12.007}
}

@INPROCEEDINGS{confFlavio,
 booktitle = {2nd IFAC Workshop on Control of Systems Governed by Partial Differential Equations CPDE 2016},
 title = {Piezoelectric beam with distributed control ports: a power-preserving discretization using weak formulation},
 author = {F. L. Cardoso-Ribeiro and D. Matignon and V. Pommier-Budinger},
 address = {Bertinoro, IT},
 year = {2016},
 pages = {290--297},
 keywords = {Model Reduction for Control - Port-Hamiltonian systems - Piezoelectric materials},
 url = {http://oatao.univ-toulouse.fr/16131/},
 note = {\url{http://dx.doi.org/10.1016/j.ifacol.2016.07.456}},
 doi = {http://dx.doi.org/10.1016/j.ifacol.2016.07.456}
}

@article{KOTYCZKA2016298,
 title = "Finite Volume Structure-Preserving Discretization of 1D Distributed-Parameter Port-{H}amiltonian Systems",
 journal = "IFAC-PapersOnLine",
 volume = "49",
 number = "8",
 pages = "298 - 303",
 year = "2016",
 note = "2nd IFAC Workshop on Control of Systems Governed by Partial Differential Equations CPDE 2016",
 issn = "2405-8963",
 doi = "https://doi.org/10.1016/j.ifacol.2016.07.457",
 url = "http://www.sciencedirect.com/science/article/pii/S2405896316306656",
 note = "\url{https://doi.org/10.1016/j.ifacol.2016.07.457}",
 author = "P. Kotyczka",
 keywords = "Port-Hamiltonian systems, systems of conservation laws, distributed-parameter systems, semi-discretiziation, finite volume methods"
}

@inproceedings{CardosoRibeiro2018,
 booktitle = {6th IFAC Workshop on Lagrangian and Hamiltonian Methods for Nonlinear Control},
 title = {A structure-preserving Partitioned Finite Element Method for the 2D wave equation},
 author = {F. L. Cardoso-Ribeiro and D. Matignon and L. Lef{\`e}vre},
 address = {Valpara{\'i}so, CL},
 year = {2018},
 pages = {1--6},
 keywords = {Distributed Parameter systems - Port-Hamiltonian systems, Finite Element Method - Geometric Discretization Methods - 2D Wave equation},
 url = {http://oatao.univ-toulouse.fr/19965/},
 note = {\url{http://oatao.univ-toulouse.fr/19965}},
}


@misc{Oslo,
 author        = {T. Rusten},
 title         = {Lecture notes in The {F}inite {E}lement {M}ethod in
  Solid Mechanics II},
 month         = {February},
 year          = {2008},
 publisher={University of Oslo},
 url={https://www.uio.no/studier/emner/matnat/math/MEK4560/v08/undervisningsmateriale/},
 note = "\url{https://www.uio.no/studier/emner/matnat/math/MEK4560/v08/undervisningsmateriale/}"
}


@article{zwart2009distributed,
 title={Distributed-parameter port-Hamiltonian systems},
 author={H. Zwart and B. Jacob}
}

@article{TONG20132727,
 title = "H$^\infty$ model reduction for port-controlled {H}amiltonian systems",
 journal = "Applied Mathematical Modelling",
 volume = "37",
 number = "5",
 pages = "2727 - 2736",
 year = "2013",
 issn = "0307-904X",
 doi = "https://doi.org/10.1016/j.apm.2012.06.031",
 url = "http://www.sciencedirect.com/science/article/pii/S0307904X12003873",
 note = "\url{https://doi.org/10.1016/j.apm.2012.06.031}",
 author = "D. Tong and W. Zhou and Y. Gao and C. Ji and H. Su",
 keywords = "Model reduction, Port-controlled Hamiltonian system,  performance, Continuous-time, Discrete-time"
}

@article{LeGorrec2005,
 author = {Y. Le~Gorrec and H. Zwart and B. Maschke},
 doi = {10.1137/040611677},
 journal = {SIAM Journal on Control and Optimization},
 number = {5},
 pages = {1864--1892},
 title = {{Dirac structures and Boundary Control Systems associated with Skew-Symmetric Differential Operators}},
 url = {https://doi.org/10.1137/040611677},
 note = "\url{https://doi.org/10.1137/040611677}",
 volume = {44},
 year = {2005}
}

@article{Cervera2007,
 author = {J. Cervera and A. J. van der Schaft  and A. Ba{\~{n}}os},
 doi = {10.1016/J.AUTOMATICA.2006.08.014},
 issn = {0005-1098},
 journal = {Automatica},
 month = {feb},
 number = {2},
 pages = {212--225},
 publisher = {Pergamon},
 title = {{Interconnection of port-Hamiltonian systems and composition of Dirac structures}},
 url = {https://www.sciencedirect.com/science/article/pii/S0005109806003682},
 note = {\url{https://doi.org/10.1016/j.automatica.2006.08.014}},
 volume = {43},
 year = {2007}
}

@inproceedings{ShaftIntInfinite,
 title = "Composition of infinite-dimensional {D}irac structures",
 keywords = "MSC-93C25, MSC-46C20, IR-66606, METIS-237614, EWI-8148",
 author = "M. Kurula and A. J. {van der Schaft} and  H. Zwart",
 year = "2006",
 month = "7",
 day = "28",
 publisher = "Erasmus University Rotterdam",
 pages = "27--32",
 editor = "Y Yamamoto",
 booktitle = "17th International Symposium Mathematical on Theory of Networks and Systems (MTNS 2006)",
}

@inproceedings{vanderShaftintFinInf,
 author = {{R. Pasumarthy} and A. J. van der Schaft},
 booktitle = {Proceedings of the 16th International Symposium on Mathematical Theory of Networks and Systems (MTNS)},
 isbn = {9056825178},
 keywords = {EWI-16820,IR-69163,METIS-220145},
 publisher = {Katholieke Universiteit Leuven},
 title = {{On interconnections of infinite-dimensional port-Hamiltonian systems}},
 year = {2004},
 month = {july}
}


@book{BookZwart,
 title = "Linear Port-Hamiltonian Systems on Infinite-dimensional Spaces",
 keywords = "EWI-22226, METIS-289681",
 author = "B. Jacob and H. Zwart",
 year = "2012",
 doi = {10.1007/978-3-0348-0399-1},
 isbn = "978-3-0348-0398-4",
 series = "Operator Theory: Advances and Applications",
 publisher = "Springer Verlag",
 number = "223",
 address = "Germany",
 note = "\url{https://doi.org/10.1007/978-3-0348-0399-1}",
}

@article{Mehrmann2018,
 author = {Egger, H. and Kugler, T. and Liljegren-Sailer, B. and Marheineke, N. and Mehrmann, V.},
 title = {On Structure-Preserving Model Reduction for Damped Wave Propagation in Transport Networks},
 journal = {SIAM Journal on Scientific Computing},
 volume = {40},
 number = {1},
 pages = {A331-A365},
 year = {2018},
 doi = {10.1137/17M1125303},
 URL = {https://doi.org/10.1137/17M1125303},
 eprint = {https://doi.org/10.1137/17M1125303},
 note ={\url{https://doi.org/10.1137/17M1125303}}
}

@book{Grinfield,
 author = {M. Grinfeld},
 editor = {M. Grinfeld},
 title = {Mathematical Tools for Physicists},
 edition ={2nd},
 year = {2015},
 chapter = {16},
 month = {jan},
 ibsn = {978-3-527-41188-7},
}



@unpublished{BrugnoliKir,
 title = {Port-Hamiltonian formulation and symplectic discretization of plate models. {P}art {II} : Kirchhoff model for thin plates},
 author = {A. Brugnoli and D. Alazard and V. Budinger and D. Matignon},
 year = {2018},
 note ={submitted},
}
