@misc{thoma2021explicit,
	title={Explicit Port-{H}amiltonian {FEM}-Models for Linear Mechanical Systems with Non-Uniform Boundary Conditions}, 
	author={Tobias Thoma and Paul Kotyczka},
	year={2021},
	note={arXiv:2110.15608},
	OPTeprint={2110.15608},
	OPTarchivePrefix={arXiv},
	OPTprimaryClass={eess.SY},
}

@article{bazilevs2007weak,
	title={Weak imposition of Dirichlet boundary conditions in fluid mechanics},
	author={Bazilevs, Yuri and Hughes, Thomas JR},
	journal={Computers \& Fluids},
	volume={36},
	number={1},
	pages={12--26},
	year={2007},
	publisher={Elsevier}
}

@article{kirby2019mapped,
	author = {Kirby, Robert C. and Mitchell, Lawrence},
	title = {Code Generation for Generally Mapped Finite Elements},
	year = {2019},
	issue_date = {December 2019},
	publisher = {Association for Computing Machinery},
	address = {New York, NY, USA},
	volume = {45},
	number = {4},
	journal = {ACM Trans. Math. Softw.},
	month = {dec},
	articleno = {41},
	numpages = {23},
	keywords = {Mapped finite elements}
}


@Article{eriksson2022,
	author={Eriksson, Gustav
	and Mattsson, Ken},
	title={Weak Versus Strong Wall Boundary Conditions for the Incompressible Navier-Stokes Equations},
	journal={Journal of Scientific Computing},
	year={2022},
	month={Jul},
	volume={92},
	number={3},
}

