@book{haddad2011nonlinear,
	title={Nonlinear dynamical systems and control},
	author={Haddad, Wassim M and Chellaboina, VijaySekhar},
	year={2011},
	publisher={Princeton university press}
}

@book{wiggins2003introduction,
	title={Introduction to applied nonlinear dynamical systems and chaos},
	author={Wiggins, Stephen and Wiggins, Stephen and Golubitsky, Martin},
	volume={2},
	year={2003},
	publisher={Springer}
}