@article{ulrich2018cse,
	author = {RÃ¼de, Ulrich and Willcox, Karen and McInnes, Lois Curfman and Sterck, Hans De},
	title = {Research and Education in Computational Science and Engineering},
	journal = {SIAM Review},
	volume = {60},
	number = {3},
	pages = {707-754},
	year = {2018},
	doi = {10.1137/16M1096840},
	URL = {https://doi.org/10.1137/16M1096840},
}

@article{lee2020,
	title = {Model reduction of dynamical systems on nonlinear manifolds using deep convolutional autoencoders},
	journal = {Journal of Computational Physics},
	volume = {404},
	pages = {108973},
	year = {2020},
	issn = {0021-9991},
	doi = {10.1016/j.jcp.2019.108973},
	note={\url{https://doi.org/10.1016/j.jcp.2019.108973}},
	author = {Kookjin Lee and Kevin T. Carlberg},
	keywords = {Model reduction, Deep learning, Autoencoders, Machine learning, Nonlinear manifolds, Optimal projection},
}