@book{olver2014introduction,
	title={Introduction to partial differential equations},
	author={Olver, Peter J.},
	publisher={Springer},
	year = {2014}
}

@book{trefethen1996finite,
	title={Finite difference and spectral methods for ordinary and partial differential equations},
	author={Trefethen, Lloyd N.},
	year={1996}
}