@article{beattie2018linear,
	title={Linear port-{H}amiltonian descriptor systems},
	author={Beattie, C. and Mehrmann, V. and Xu, H. and Zwart, H.},
	journal={Mathematics of Control, Signals, and Systems},
	volume={30},
	number={4},
	pages={17},
	year={2018},
	publisher={Springer},
	url = {https://link.springer.com/article/10.1007%2Fs00498-018-0223-3}
}


@article{WeakForm_Kot,
	title = "Weak form of {S}tokes-{D}irac structures and geometric discretization of port-{H}amiltonian systems",
	journal = "Journal of Computational Physics",
	volume = "361",
	pages = "442 - 476",
	year = "2018",
	issn = "0021-9991",
	doi = "https://doi.org/10.1016/j.jcp.2018.02.006",
	url = "https://doi.org/10.1016/j.jcp.2018.02.006",
	author = "P. Kotyczka and B. Maschke and L. Lef√®vre",
	keywords = "Systems of conservation laws with boundary energy flows, Port-Hamiltonian systems, Mixed Galerkin methods, Geometric spatial discretization, Structure-preserving discretization"
}

@article{Golo,
author = {Golo, G. and Talasila, V. and van der Schaft, A. J. and Maschke, B.},
title = {{H}amiltonian Discretization of Boundary Control Systems},
journal = {Automatica},
issue_date = {May, 2004},
volume = {40},
number = {5},
month = may,
year = {2004},
pages = {757--771},
numpages = {15},
publisher = {Pergamon Press, Inc.},
address = {Tarrytown, NY, USA},
keywords = {Boundary control, Finite elements, Port-Hamiltonian systems, Spatial discretization},
doi = {http://dx.doi.org/10.1016/j.automatica.2003.12.017},
url = {http://dx.doi.org/10.1016/j.automatica.2003.12.017},
} 

@book{bookPHs,
	title = "Modeling and Control of Complex Physical Systems",
	keywords = "IR-71392, METIS-268955, System Theory, EWI-17302, Port Hamiltonian Systems, Geoplex, Control",
	author = "Duindam, V. and Macchelli, A. and Stramigioli, S. and Bruyninckx, H.",
	year = "2009",
	publisher = "Springer Verlag",
	url = "https://www.springer.com/us/book/9783642031953"
}


@article{moulla:hal-01625008,
	TITLE = {Pseudo-spectral methods for the spatial symplectic reduction of open systems of conservation laws},
	AUTHOR = {Moulla, R. and Lefevre, L. and Maschke, B.},
	JOURNAL = {{Journal of Computational Physics}},
	PUBLISHER = {{Elsevier}},
	VOLUME = {231},
	NUMBER = {4},
	PAGES = {1272-1292},
	YEAR = {2012},
	url = {https://doi.org/10.1016/j.jcp.2011.10.008},
	}


@inproceedings{CardosoRibeiro2018,
	booktitle = {6th IFAC Workshop on Lagrangian and Hamiltonian Methods for Nonlinear Control},
	title = {A structure-preserving Partitioned Finite Element Method for the 2D wave equation},
	author = {Cardoso-Ribeiro, F. L. and Matignon, D. and Lef{\`e}vre, L.},
	address = {Valpara{\'i}so, CL},
	year = {2018},
	pages = {1--6},
	keywords = {Distributed Parameter systems - Port-Hamiltonian systems, Finite Element Method - Geometric Discretization Methods - 2D Wave equation},
	url = {https://doi.org/10.1016/j.ifacol.2018.06.033}
}

@article{CerveraIntFinite,
	author = {Cervera, J. and van der Schaft, A. J.  and Ba{\~{n}}os, A.},
	doi = {10.1016/J.AUTOMATICA.2006.08.014},
	journal = {Automatica},
	month = {feb},
	number = {2},
	pages = {212--225},
	publisher = {Pergamon},
	title = {{Interconnection of port-{H}amiltonian systems and composition of Dirac structures}},
	volume = {43},
	year = {2007},
	url = {https://doi.org/10.1016/j.automatica.2006.08.014}
}

@article{ShaftIntInfinite,
	title = "Dirac structures and their composition on {H}ilbert spaces",
	keywords = "EWI-18300, MSC-47N70, Composition, Impedance conservative, Boundary colligation, Krein space, METIS-275633, IR-72604, Boundary triplet, Dirac structure",
	author = "M. Kurula and H. Zwart and A. J. van der Schaft and J. Behrndt",
	year = "2010",
	doi = "10.1016/j.jmaa.2010.07.004",
	volume = "372",
	pages = "402--422",
	journal = "Journal of mathematical analysis and applications",
	issn = "0022-247X",
	publisher = "Academic Press Inc.",
	number = "2",	
	doi = "10.1016/j.jmaa.2010.07.004",
	url = "https://doi.org/10.1016/j.jmaa.2010.07.004"
}


@book{BookZwart,
	title = "Linear Port-{H}amiltonian Systems on Infinite-dimensional Spaces",
keywords = "EWI-22226, METIS-289681",
author = "Jacob, B. and Zwart, H.",
year = "2012",
doi = "10.1007/978-3-0348-0399-1",
series = "Operator Theory: Advances and Applications",
publisher = "Springer Verlag",
number = "223",
address = "Germany",
url = "https://link.springer.com/book/10.1007/978-3-0348-0399-1"
}

@unpublished{BrugnoliKir,
	title = {Port-{H}amiltonian formulation and symplectic discretization of plate models. {P}art {II} : Kirchhoff model for thin plates},
	author = {Brugnoli, A. and Alazard, D. and Budinger, V. and Matignon, D.},
	year = {2018},
	note ={\url{https://arxiv.org/pdf/1809.11136.pdf}, Under Revision},
}

@article{waveEqZwart,
	author = {Kurula, M. and Zwart, H.},
	title = {Linear wave systems on n-D spatial domains},
	journal = {International Journal of Control},
	volume = {88},
	number = {5},
	pages = {1063-1077},
	year  = {2015},
	publisher = {Taylor & Francis},
	url = {https://www.tandfonline.com/doi/abs/10.1080/00207179.2014.993337}
}


@article{firedrake,
	author =       {M. Homolya and D. A. Ham},
	title =        {A parallel edge orientation algorithm for
	quadrilateral meshes},
	journal =      {SIAM Journal on Scientific Computing},
	year =         {2016},
	volume =       {38},
	number =       {5},
	pages =        {S48--S61},
	doi =          {10.1137/15M1021325},
	archiveprefix ={arXiv},
	eprint =       {1505.03357},
	primaryclass = {cs.MS},
	url =          {https://epubs.siam.org/doi/pdf/10.1137/15M1021325}
}

@book{timoshenko1959theory,
	title={Theory of plates and shells},
	author={S. Timoshenko and S. Woinowsky-Krieger},
	lccn={58059675},
	series={Engineering societies monographs},
	year={1959},
	publisher={McGraw-Hill}
}

@article{Bell,
	author = {K. Bell},
	title = {A refined triangular plate bending finite element},
	journal = {International Journal for Numerical Methods in Engineering},
	volume = {1},
	number = {1},
	pages = {101-122},
	doi = {10.1002/nme.1620010108},
	year = {1969},
	url = {https://onlinelibrary.wiley.com/doi/abs/10.1002/nme.1620010108}
}

@INPROCEEDINGS{MacchelliMindlin, 
	author={A. Macchelli and C. Melchiorri and L. Bassi}, 
	booktitle={Proceedings of the 44th IEEE Conference on Decision and Control}, 
	title={Port-based Modelling and Control of the {M}indlin Plate}, 
	year={2005}, 
	volume={}, 
	number={}, 
	pages={5989-5994}, 
	keywords={Boundary conditions;Damping;Distributed control;Distributed parameter systems;Elasticity;Electromagnetic heating;Fluid dynamics;Mechanical systems;Piezoelectricity;Power system interconnection}, 
	doi={10.1109/CDC.2005.1583120},
	url = {https://doi.org/10.1109/CDC.2005.1583120}, 
	ISSN={0191-2216}, 
	month={Dec},}

@InProceedings{Heiland_red,
	author="P. Benner and J. Heiland",
	editor="King, Rudibert",
	title="LQG-Balanced Truncation Low-Order Controller for Stabilization of Laminar Flows",
	booktitle="Active Flow and Combustion Control 2014",
	year="2015",
	publisher="Springer International Publishing",
	address="Cham",
	pages="365--379",
	abstract="Recent theoretical and simulation results have shown that Riccati based feedback can stabilize flows at moderate Reynolds numbers. We extend this established control setup by the method of LQG-balanced truncation. In view of practical implementation, we introduce a controller that bases only on outputs rather than on the full state of the system. Also, we provide a very low dimensional observer so that the control actuation can be computed in an online fashion.",
	isbn="978-3-319-11967-0",
	url = "https://link.springer.com/chapter/10.1007%2F978-3-319-11967-0_22"
}

@article{mixed_kirchhoff,
	author = {Rafetseder, K. and Zulehner, W.},
	title = {A Decomposition Result for Kirchhoff Plate Bending Problems and a New Discretization Approach},
	journal = {SIAM Journal on Numerical Analysis},
	volume = {56},
	number = {3},
	pages = {1961-1986},
	year = {2018},
	doi = {10.1137/17M1118427},
	URL = {https://doi.org/10.1137/17M1118427},
	eprint = {https://doi.org/10.1137/17M1118427}
}

@article{Blum1990,
	author="Blum, H.
	and Rannacher, R.",
	title="On mixed finite element methods in plate bending analysis",
	journal="Computational Mechanics",
	year="1990",
	month="May",
	day="01",
	volume="6",
	number="3",
	pages="221--236",
	issn="1432-0924",
	doi="10.1007/BF00350239",
	url="https://doi.org/10.1007/BF00350239"
}