@inproceedings{BrugnoliCPDE,
	booktitle = "3rd IFAC Workshop on Control of Systems Governed by Partial Differential Equations CPDE 2019",
	title = "Partitioned Finite Element Method for the {M}indlin Plate as a Port-{H}amiltonian system",
	author = "Brugnoli, A. and Alazard, D. and Pommier-Budinger, V. and Matignon, D.",
	address = "Oaxaca, MX",
	year = "2019",
	pages = "88 - 95",
	note = "\url{https://doi.org/10.1016/j.ifacol.2019.08.016}",
	keywords = "Port-Hamiltonian systems (pHs), Geometric Discretization, Mindlin-Reissner Plate, Partitioned Finite Element Method (PFEM), Symplectic Integration",
}

@article{BrugnoliAMM_min,
	title = "Port-{H}amiltonian formulation and symplectic discretization of plate models Part {I}: Mindlin model for thick plates",
	journal = "Applied Mathematical Modelling",
	volume = "75",
	pages = "940 - 960",
	year = "2019",
	month="Nov",
	issn = "0307-904X",
	doi = "10.1016/j.apm.2019.04.035",
	note = "\url{https://doi.org/10.1016/j.apm.2019.04.035}",
	author = "Brugnoli, A. and Alazard, D. and Pommier-Budinger, V. and Matignon, D.",
	keywords = "Port-Hamiltonian systems, Mindlinâ€“Reissner plate, Partitioned Finite Element Method, Geometric spatial discretization, Boundary control",
}

@article{BrugnoliAMM_kir,
	title = "Port-{H}amiltonian formulation and symplectic discretization of plate models Part {II}: Kirchhoff model for thin plates",
	journal = "Applied Mathematical Modelling",
	volume = "75",
	pages = "961 - 981",
	year = "2019",
	month="Nov",
	issn = "0307-904X",
	doi = "10.1016/j.apm.2019.04.036",
	note = "\url{https://doi.org/10.1016/j.apm.2019.04.036}",
	author = "Brugnoli, A. and Alazard, D. and Pommier-Budinger, V. and Matignon, D.",
	keywords = "Port-Hamiltonian systems, Kirchhoff plate, Partitioned Finite Element Method, Geometric spatial discretization, Boundary control"
}

@inproceedings{BrugnoliCDC, 
	author = {Brugnoli, A. and Alazard, D. and Pommier-Budinger, V. and Matignon, D.},
	booktitle={Proceedings of the 59th IEEE Conference on Decision and Control}, 
	title={Interconnection of the {K}irchhoff plate within the port-{H}amiltonian framework}, 
	year={2019}, 
	volume={}, 
	number={}, 
	month={Dec},}

@inproceedings{CardosoCDC, 
	author = {Cardoso-Ribeiro, F. L. and Brugnoli, A. and Matignon, D. and Lef{\`e}vre, L.},
	booktitle={Proceedings of the 59th IEEE Conference on Decision and Control}, 
	title={Port-{H}amiltonian modeling, discretization and feedback control of a circular water tank}, 
	year={2019}, 
	volume={}, 
	number={}, 
	month={Dec},}


@unpublished{BrugnoliWC,
	title = "Partitioned Finite Element Method for	Power-Preserving Structured Discretization with Mixed Boundary Conditions",
	author = "Brugnoli, A. and Cardoso-Ribeiro, F. L. and Haine, G. and Kotyzca, P.",
	year="2020", 
	month="Jul",
	note = "Accepted for the 21st IFAC World congress"
}

@unpublished{BrugnoliMTNS,
	title = "Structure-preserving discretization of port-{H}amiltonian plate models",
	author = "Brugnoli, A. and Alazard, D. and Pommier-Budinger, V. and Matignon, D.",
	year="2020", 
	month="Aug",
	note = "Submitted to the 24st International Symposium on Mathematical Theory of Networks and Systems"
}
