@article{ArnoldElasDyn,
	author = {Arnold, D. and Lee, J.},
	title = {Mixed Methods for Elastodynamics with Weak Symmetry},
	journal = {SIAM Journal on Numerical Analysis},
	volume = {52},
	number = {6},
	pages = {2743-2769},
	year = {2014},
	doi = {10.1137/13095032X},
	URL = {https://doi.org/10.1137/13095032X},
	eprint = {https://doi.org/10.1137/13095032X}
}

@Article{Yao2011,
	author="Yao, Wei-An
	and Hu, Xiao-Fei
	and Xiao, Feng",
	title="Symplectic system based analytical solution for bending of rectangular orthotropic plates on Winkler elastic foundation",
	journal="Acta Mechanica Sinica",
	year="2011",
	month="Dec",
	day="01",
	volume="27",
	number="6",
	pages="929--937",
	doi="10.1007/s10409-011-0532-y",
	url="https://doi.org/10.1007/s10409-011-0532-y"
}

@article{LIM20075396,
	title = "On new symplectic elasticity approach for exact bending solutions of rectangular thin plates with two opposite sides simply supported",
	journal = "International Journal of Solids and Structures",
	volume = "44",
	number = "16",
	pages = "5396 - 5411",
	year = "2007",
	issn = "0020-7683",
	doi = "https://doi.org/10.1016/j.ijsolstr.2007.01.007",
	url = "http://www.sciencedirect.com/science/article/pii/S0020768307000157",
	author = "C.W. Lim and S. Cui and W.A. Yao",
}
