@Article{MB_Daepde,
author="Simeon, B.",
title="{DAE}s and {PDE}s in elastic multibody systems",
journal="Numerical Algorithms",
year="1998",
month="Dec",
day="01",
volume="19",
number="1",
pages="235--246",
issn="1572-9265",
doi="10.1023/A:1019118809892",
url="https://doi.org/10.1023/A:1019118809892"
}

@article{ArnoldElasDyn,
	author = {Arnold, D. and Lee, J.},
	title = {Mixed Methods for Elastodynamics with Weak Symmetry},
	journal = {SIAM Journal on Numerical Analysis},
	volume = {52},
	number = {6},
	pages = {2743-2769},
	year = {2014},
	doi = {10.1137/13095032X},
}

@article{cardoso2019partitioned,
	title="A Partitioned Finite Element Method for power-preserving discretization of open systems of conservation laws",
	author="Cardoso-Ribeiro, F. L. and Matignon, D. and Lef{\`e}vre, L.",
	journal="arXiv preprint arXiv:1906.05965",
	year="2019",
}

@article{mehrmann2019structurepreserving,
	title={Structure-preserving discretization for port-{H}amiltonian descriptor systems},
	author={Volker Mehrmann and Riccardo Morandin},
	journal={arXiv preprint arXiv:1903.10451},
	year={2019},
	eprint={1903.10451},
	archivePrefix={arXiv},
	primaryClass={math.OC}
}

@article{attitude_ph,
	title = "Port-{H}amiltonian Formulation of Rigid-Body Attitude Control",
	journal = "IFAC-PapersOnLine",
	volume = "48",
	number = "13",
	pages = "164 - 169",
	year = "2015",
	note = "5th IFAC Workshop on Lagrangian and Hamiltonian Methods for Nonlinear Control LHMNC 2015",
	issn = "2405-8963",
	doi = "https://doi.org/10.1016/j.ifacol.2015.10.233",
	url = "http://www.sciencedirect.com/science/article/pii/S2405896315021242",
	author = "Paolo Forni and Dimitri Jeltsema and Gabriel A.D. Lopes",
}

Article{Chebbi2017,
	author="Chebbi, Jawhar and Dubanchet, Vincent and Perez Gonzalez, Jos{\'e} Alvaro
	and Alazard, Daniel",
	title="Linear dynamics of flexible multibody systems",
	journal="Multibody System Dynamics",
	year="2017",
	month="Sep",
	day="01",
	volume="41",
	number="1",
	pages="75--100",
	issn="1573-272X",
	doi="10.1007/s11044-016-9559-y",
	url="https://doi.org/10.1007/s11044-016-9559-y"
}

@article{constrClass,
	author = {Laulusa, André and Bauchau, Olivier A.},
	title = "{Review of Classical Approaches for Constraint Enforcement in Multibody Systems}",
	journal = {Journal of Computational and Nonlinear Dynamics},
	volume = {3},
	number = {1},
	year = {2007},
	month = {11},
	issn = {1555-1415},
	doi = {10.1115/1.2803257},
	url = {https://doi.org/10.1115/1.2803257},
	note = {011004},
	eprint ={https://asmedigitalcollection.asme.org/computationalnonlinear/article-pdf/3/1/011004/5775955/011004\_1.pdf},
}

@article{constrMod,
	author = {Bauchau, Olivier A. and Laulusa, André},
	title = "{Review of Contemporary Approaches for Constraint Enforcement in Multibody Systems}",
	journal = {Journal of Computational and Nonlinear Dynamics},
	volume = {3},
	number = {1},
	year = {2007},
	month = {11},
	issn = {1555-1415},
	doi = {10.1115/1.2803258},
	url = {https://doi.org/10.1115/1.2803258},
	note = {011005},
	eprint = {https://asmedigitalcollection.asme.org/computationalnonlinear/article-pdf/3/1/011005/5776226/011005\_1.pdf},
}

@article{substructuring,
	author = {Klerk, D. De and Rixen, D. J. and Voormeeren, S. N.},
	title = {General Framework for Dynamic Substructuring: History, Review and Classification of Techniques},
	journal = {AIAA Journal},
	volume = {46},
	number = {5},
	pages = {1169-1181},
	year = {2008},
	doi = {10.2514/1.33274},
	URL = {https://doi.org/10.2514/1.33274},
	eprint = {https://doi.org/10.2514/1.33274}
}

@book{daePetzold,
	author = {Brenan, K. E. and Campbell, S. L. and Petzold, L. R.},
	title = {Numerical Solution of Initial-Value Problems in Differential-Algebraic Equations},
	publisher = {Society for Industrial and Applied Mathematics},
	year = {1995},
	doi = {10.1137/1.9781611971224},
	address = {},
	edition   = {},
	URL = {https://epubs.siam.org/doi/abs/10.1137/1.9781611971224},
	eprint = {https://epubs.siam.org/doi/pdf/10.1137/1.9781611971224}
}

@Article{Ellenbroek2018,
	author="Ellenbroek, Marcel and Schilder, Jurnan",
	title="On the use of absolute interface coordinates in the floating frame of reference formulation for flexible multibody dynamics",
	journal="Multibody System Dynamics",
	year="2018",
	month="Jul",
	day="01",
	volume="43",
	number="3",
	pages="193--208",
	issn="1573-272X",
	doi="10.1007/s11044-017-9606-3",
	url="https://doi.org/10.1007/s11044-017-9606-3"
}

@article{nullspaceMul,
	author = {Betsch, Peter and Leyendecker, Sigrid},
	title = {The discrete null space method for the energy consistent integration of constrained mechanical systems. Part II: multibody dynamics},
	journal = {International Journal for Numerical Methods in Engineering},
	volume = {67},
	number = {4},
	pages = {499-552},
	keywords = {conserving time integration, constrained mechanical systems, multibody dynamics, differential-algebraic equations},
	doi = {10.1002/nme.1639},
	url = {https://onlinelibrary.wiley.com/doi/abs/10.1002/nme.1639},
	eprint = {https://onlinelibrary.wiley.com/doi/pdf/10.1002/nme.1639},
	year = {2006}
}


@Article{nullspaceFlMult,
	author="Leyendecker, Sigrid
	and Betsch, Peter
	and Steinmann, Paul",
	title="The discrete null space method for the energy-consistent integration of constrained mechanical systems. Part {III}: Flexible multibody dynamics",
	journal="Multibody System Dynamics",
	year="2008",
	month="Feb",
	day="01",
	volume="19",
	number="1",
	pages="45--72",
	issn="1573-272X",
	doi="10.1007/s11044-007-9056-4",
	url="https://doi.org/10.1007/s11044-007-9056-4"
}

@ARTICLE{ph_macchelli,
	author={A. {Macchelli} and C. {Melchiorri} and S. {Stramigioli}},
	journal={IEEE Transactions on Robotics},
	title={Port-Based Modeling and Simulation of Mechanical Systems With Rigid and Flexible Links},
	year={2009},
	volume={25},
	number={5},
	pages={1016-1029},
	doi={10.1109/TRO.2009.2026504},
	ISSN={},
	month={Oct},}

