@article{volker2017review,
	author = {John, Volker and Linke, Alexander and Merdon, Christian and Neilan, Michael and Rebholz, Leo G.},
	title = {On the Divergence Constraint in Mixed Finite Element Methods for Incompressible Flows},
	journal = {SIAM Review},
	volume = {59},
	number = {3},
	pages = {492-544},
	year = {2017},
	doi = {10.1137/15M1047696},
}

@article{vanderSchaft2002,
	title = {Hamiltonian formulation of distributed-parameter systems with boundary energy flow},
	journal = {Journal of Geometry and Physics},
	volume = {42},
	number = {1},
	pages = {166-194},
	year = {2002},
	doi = {10.1016/S0393-0440(01)00083-3},
	author = {A.J. {van der Schaft} and B.M. Maschke},
}

@article{reis2021pH,
	title = {Some notes on port-{H}amiltonian systems on Banach spaces},
	journal = {IFAC-PapersOnLine},
	volume = {54},
	number = {19},
	pages = {223-229},
	year = {2021},
	note = {7th IFAC Workshop on Lagrangian and Hamiltonian Methods for Nonlinear Control LHMNC 2021},
	doi = {10.1016/j.ifacol.2021.11.082},
	author = {Timo Reis},
}

@article{reis2022passivity,
	title={Passivity, Port-Hamiltonian Formulation and Solution Estimates for a Coupled Magneto-Quasistatic System},
	author={Reis, T. and Stykel, T.},
	journal={arXiv preprint arXiv:2205.15259},
	year={2022}
}


@article{courant1990,
	author = {Courant, T.~J.~},
	title = {Dirac manifolds},
	journal = {Transactions of the American Mathematical Society},
	volume = {319},
	year = {1990},
	number = {2},
	pages = {631-661},
	issn = {0002-9947},
	doi = {10.2307/2001258},
}

@article{schaft2014pH,
	year = {2014},
	volume = {1},
	journal = {Foundations and Trends\textsuperscript{\textregistered} in Systems and Control},
	title = {{Port-Hamiltonian Systems Theory: An Introductory Overview}},
	number = {2--3},
	pages = {173--378},
	author = {A.~van der Schaft and D.~Jeltsema}
}


@article{arnold2006acta, 
	title={Finite element exterior calculus, homological techniques, and applications},
	volume={15}, 
	doi={10.1017/S0962492906210018}, 
	journal={Acta Numerica}, 
	publisher={Cambridge University Press}, 
	author={Arnold, Douglas N. and Falk, Richard S. and Winther, Ragnar}, year={2006}, 
	pages={1â€“155}
}

@book{arnold2018finite,
	title={Finite element exterior calculus},
	author={Arnold, Douglas N.},
	year={2018},
	publisher={Society for Industrial and Applied Mathematics}
}


@article{zhang2021mass,
	title = {A mass-, kinetic energy- and helicity-conserving mimetic dual-field discretization for three-dimensional incompressible {N}avier-{S}tokes equations, part {I}: Periodic domains},
	journal = {Journal of Computational Physics},
	year = {2021},
	doi = {10.1016/j.jcp.2021.110868},
	author = {Yi Zhang and Artur Palha and Marc Gerritsma and Leo G. Rebholz},
}

@article{brugnoli2022df,
title = {Dual field structure-preserving discretization of port-Hamiltonian systems using finite element exterior calculus},
journal = {Journal of Computational Physics},
volume = {471},
year = {2022},
doi = {10.1016/j.jcp.2022.111601},
author = {A. Brugnoli and R. Rashad and S. Stramigioli},
}

@article{hiptmair2001,
	author={Hiptmair, R.},
	title={Discrete {H}odge operators},
	journal={Numerische Mathematik},
	year={2001},
	month={Dec},
	day={01},
	volume={90},
	number={2},
	pages={265-289},
	issn={0945-3245},
	doi={10.1007/s002110100295},
}

@article{guducu2022,
	author = {G\"{u}d\"{u}c\"{u}, Candan and Liesen, J\"{o}rg and Mehrmann, Volker and Szyld, Daniel B.},
	title = {On Non-Hermitian Positive (Semi)Definite Linear Algebraic Systems Arising from Dissipative Hamiltonian DAEs},
	journal = {SIAM Journal on Scientific Computing},
	volume = {44},
	number = {4},
	pages = {A2871-A2894},
	year = {2022},
	doi = {10.1137/21M1458594},
}


@Article{liljegren-sailer2022,
	author={Liljegren-Sailer, B. and Marheineke, N.},
	title={On Snapshot-Based Model Reduction Under Compatibility Conditions for a Nonlinear Flow Problem on Networks},
	journal={Journal of Scientific Computing},
	year={2022},
	month={Jul},
	day={07},
	volume={92},
	number={2},
	pages={62},
	doi={10.1007/s10915-022-01901-z},
}





