@inproceedings{mehrmann2019dpH,
 author={Mehrmann, Volker and Morandin, Riccardo},
 booktitle={2019 IEEE 58th Conference on Decision and Control (CDC)},
 title={Structure-preserving discretization for port-Hamiltonian descriptor systems},
 year={2019},
 volume={},
 number={},
 pages={6863-6868},
 doi={10.1109/CDC40024.2019.9030180}
}