@article{bilbao2015conservative,
author = {Bilbao, Stefan and Thomas, Olivier and Touzé, Cyril and Ducceschi, Michele},
title = {Conservative numerical methods for the Full von Kármán plate equations},
journal = {Numerical Methods for Partial Differential Equations},
volume = {31},
number = {6},
pages = {1948-1970},
keywords = {conservative numerical methods, Hamiltonian methods, nonlinear plate vibration},
doi = {10.1002/num.21974},
url = {https://onlinelibrary.wiley.com/doi/abs/10.1002/num.21974},
eprint = {https://onlinelibrary.wiley.com/doi/pdf/10.1002/num.21974},
year = {2015}
}

@article{kirby2004vonkarman,
	title = "Solution of von-Kármán dynamic non-linear plate equations using a pseudo-spectral method",
	journal = "Computer Methods in Applied Mechanics and Engineering",
	volume = "193",
	number = "6",
	pages = "575 - 599",
	year = "2004",
	issn = "0045-7825",
	doi = "https://doi.org/10.1016/j.cma.2003.10.013",
	url = "http://www.sciencedirect.com/science/article/pii/S0045782503005796",
	author = "R.M. Kirby and Z. Yosibash",
	keywords = "von-Kármán plate model, Pseudo-spectral methods, Modeling errors",
}

@Article{puel1996,
	author={Puel, J. P. and Tucsnak, M.},
	title={Global existence for the full von K{\'a}rm{\'a}n system},
	journal={Applied Mathematics and Optimization},
	year={1996},
	month={Sep},
	day={01},
	volume={34},
	number={2},
	pages={139-160},
	abstract={We consider here the full system of dynamic von K{\'a}rm{\'a}n equations, taking into account the in-plane acceleration terms, which is a model for the vibrations of a nonlinear elastic plate. We prove global existence and uniqueness of strong solutions for this system with various boundary conditions possibly including feedback terms which are useful for stabilization purposes.},
	issn={1432-0606},
	doi={10.1007/BF01182621},
	url={https://doi.org/10.1007/BF01182621}
}


@article{lagnese1991uniform,
	title = "Uniform stabilization of a nonlinear beam by nonlinear boundary feedback",
	journal = "Journal of Differential Equations",
	volume = "91",
	number = "2",
	pages = "355 - 388",
	year = "1991",
	issn = "0022-0396",
	doi = "https://doi.org/10.1016/0022-0396(91)90145-Y",
	url = "http://www.sciencedirect.com/science/article/pii/002203969190145Y",
	author = "J.E Lagnese and G Leugering"
}

@phdthesis{brugnoli2020thesis,
	author       = {A.~Brugnoli}, 
	title        = {A port-Hamiltonian formulation of flexible structures. Modelling and structure-preserving finite element discretization},
	school       = {Universit\'e de Toulouse, ISAE-SUPAERO, France},
	year         = 2020,
}

@article{brugnoli2019mindlin,
	author = {Brugnoli, A.~ and Alazard, D.~ and Pommier-Budinger, V.~ and Matignon, D.~},
	journal = {Applied Mathematical Modelling},
	pages = {940--960},
	title = {{Port-Hamiltonian formulation and symplectic discretization of plate models Part I: Mindlin model for thick plates}},
	volume = {75},
	year = {2019}
}

@article{brugnoli2019kirchhoff,
	author = {Brugnoli, A.~ and Alazard, D.~ and Pommier-Budinger, V.~ and Matignon, D.~},
	journal = {Applied Mathematical Modelling},
	pages = {961--981},
	title = {{Port-Hamiltonian formulation and symplectic discretization of plate models Part II: Kirchhoff model for thin plates}},
	volume = {75},
	year = {2019}
}
