@article{foo2016bar,
   title = {An Important paper},
   author = {Bar, Foo},
   journal = {Important Journal},
   volume = {140},
   number = {3}, 
   year = {2016},
   pages = {1663-1674},
   doi = {10.1121/1.4962277},
%   url = {https://hal.archives-ouvertes.fr/hal-01530759/}
}
