@article{califano2021,
	title = {Decoding and realising flapping flight with port-{H}amiltonian system theory},
	journal = {Annual Reviews in Control},
	volume = {51},
	pages = {37-46},
	year = {2021},
	issn = {1367-5788},
	doi = {https://doi.org/10.1016/j.arcontrol.2021.03.009},
	note={\url{https://doi.org/10.1016/j.arcontrol.2021.03.009}},
	author = {F. Califano and R. Rashad and A. Dijkshoorn and L. Groot Koerkamp and R. Sneep and A. Brugnoli and S. Stramigioli},
	keywords = {Port-Hamiltonian system, Flapping flight, Energy aware robotics, Fluid–solid interaction},
}

@phdthesis{brugnoli2020phd,
	author       = {A.~Brugnoli}, 
	title        = {A port-Hamiltonian formulation of flexible structures. Modelling and structure-preserving finite element discretization},
	school       = {Universit\'e de Toulouse, ISAE-SUPAERO, France},
	year         = 2020,
}


@article{brugnoli2021num,
	title = "Numerical Approximation of Port-{H}amiltonian Systems for Hyperbolic or Parabolic PDEs with Boundary Control",
	journal = "Journal of Applied Mathematics and Physics",
	volume = "9",
	pages = "1278-1321",
	year = "2021",
	doi = "10.4236/jamp.2021.96088",
	author = "Brugnoli, A. and Haine, G. and Serhani, A. and Vasseur, X.",
	note = {\url{https://doi.org/10.4236/jamp.2021.96088}},
}


@article{brugnoli2021ther,
	author = {A. Brugnoli and D. Alazard and V. Pommier-Budinger and D. Matignon},
	title = {A Port-{H}amiltonian formulation of linear thermoelasticity and its mixed finite element discretization},
	journal = {Journal of Thermal Stresses},
	year={2021},
	month={May},
	volume = {44},
	number = {6},
	pages = {643-661},
	publisher = {Taylor & Francis},
	doi = {10.1080/01495739.2021.1917322},
	note = {\url{https://doi.org/10.1080/01495739.2021.1917322}},
}

@article{brugnoli2020msd,
	author={Brugnoli, A.
	and Alazard, D.
	and Pommier-Budinger, V.
	and Matignon, D.},
	title={Port-{H}amiltonian flexible multibody dynamics},
	journal={Multibody System Dynamics},
	year={2021},
	month={Mar},
	day={01},
	volume={51},
	number={3},
	pages={343-375},
	issn={1573-272X},
	doi={10.1007/s11044-020-09758-6},
	url={https://doi.org/10.1007/s11044-020-09758-6},
	note={\url{https://doi.org/10.1007/s11044-020-09758-6}}
}

@article{brugnoli2019ammkir,
	title = "Port-{H}amiltonian formulation and symplectic discretization of plate models. {P}art {II}: Kirchhoff model for thin plates",
	journal = "Applied Mathematical Modelling",
	volume = "75",
	pages = "961 - 981",
	year = "2019",
	month="Nov",
	issn = "0307-904X",
	doi = "10.1016/j.apm.2019.04.036",
	note = "\url{https://doi.org/10.1016/j.apm.2019.04.036}",
	author = "Brugnoli, A. and Alazard, D. and Pommier-Budinger, V. and Matignon, D.",
	keywords = "Port-Hamiltonian systems, Kirchhoff plate, Partitioned Finite Element Method, Geometric spatial discretization, Boundary control"
}

@article{brugnoli2019ammmin,
	title = "Port-{H}amiltonian formulation and symplectic discretization of plate models. {P}art {I}: Mindlin model for thick plates",
	journal = "Applied Mathematical Modelling",
	volume = "75",
	pages = "940 - 960",
	year = "2019",
	month="Nov",
	issn = "0307-904X",
	doi = "10.1016/j.apm.2019.04.035",
	note = "\url{https://doi.org/10.1016/j.apm.2019.04.035}",
	author = "Brugnoli, A. and Alazard, D. and Pommier-Budinger, V. and Matignon, D.",
	keywords = "Port-Hamiltonian systems, Mindlin–Reissner plate, Partitioned Finite Element Method, Geometric spatial discretization, Boundary control",
}

@inproceedings{brugnoli2019cdc, 
	author={Brugnoli, A. and Alazard, D. and Pommier-Budinger, V. and Matignon, D.},
	booktitle={2019 IEEE 58th Conference on Decision and Control (CDC)}, 
	title={Interconnection of the {K}irchhoff plate within the port-Hamiltonian framework}, 
	year={2019},
	volume={},
	number={},
	pages={6857-6862},
	doi={10.1109/CDC40024.2019.9029487}
}


@article{brugnoli2020mtns,
	title = {Structure-preserving discretization of port-{H}amiltonian plate models},
	journal = {IFAC-PapersOnLine},
	volume = {54},
	number = {9},
	pages = {359-364},
	year = {2021},
	note = {24th International Symposium on Mathematical Theory of Networks and Systems MTNS 2020},
	issn = {2405-8963},
	doi = {https://doi.org/10.1016/j.ifacol.2021.06.094},
	url = {https://www.sciencedirect.com/science/article/pii/S2405896321005589},
	author = {A. Brugnoli and D. Alazard and V. Pommier-Budinger and D. Matignon},
	keywords = {Port-Hamiltonian systems, Kirchhoff Plate, Mindlin-Reissner Plate, Mixed Finite Element Method, Numerical convergence},
}