@article{BrugnoliMin,
 title = {Port-Hamiltonian formulation and symplectic discretization of plate models. {P}art {I} : Mindlin model for thick plates},
 author = {A. Brugnoli and D. Alazard and V. Budinger and D. Matignon},
 year = {2018},
 note ={Under Review},
 journal={arXiv preprint arXiv:1809.11131}
}

@article{BrugnoliKir,
 title = {Port-Hamiltonian formulation and symplectic discretization of plate models. {P}art {II} : Kirchhoff model for thin plates},
 author = {A. Brugnoli and D. Alazard and V. Budinger and D. Matignon},
 year = {2018},
 note ={Under Review},
 journal={arXiv preprint arXiv:1809.11136}
}

@inproceedings{LHMNLCFlavio2018,
 booktitle = {Proceedings of 6th IFAC Workshop on Lagrangian and Hamiltonian Methods for Nonlinear Control},
 month = {May},
 title = {A structure-preserving Partitioned Finite Element  Method for the 2{D}~wave equation},
 author = {Fl{\'a}vio Luiz Cardoso-Ribeiro and Denis Matignon and Laurent Lef{\`e}vre},
 address = {Valparaiso, Chile},
 year = {2018},
 pages = {6~p.},
 note = {invited session},
 keywords = {Distributed Parameter systems, Port-Hamiltonian systems, Finite Element Method, Geometric Discretization  Methods, 2D Wave equation},
}

@article{articleFlavio,
 author = {Cardoso Ribeiro, Flavio and Matignon, Denis and Pommier-Budinger, Valerie},
 year = {2017},
 month = {02},
 pages = {402-427},
 title = {A port-Hamiltonian model of liquid sloshing in moving containers and application to a fluid-structure system},
 volume = {69},
 journal = {Journal of Fluids and Structures}
}

