@misc{toledo2019observerbased,
	title={Observer-based boundary control of distributed port-Hamiltonian systems},
	author={Jesus Toledo and Yongxin Wu and Hector Ramirez and Yann Le Gorrec},
	year={2019},
	eprint={1910.04193},
	archivePrefix={arXiv},
}

@ARTICLE{villegasTAC,
	author={J. A. {Villegas} and H. {Zwart} and Y. {Le Gorrec} and B. {Maschke}},
	journal={IEEE Transactions on Automatic Control},
	title={Exponential Stability of a Class of Boundary Control Systems},
	year={2009},
	volume={54},
	number={1},
	pages={142-147},
	keywords={asymptotic stability;flexible structures;heat exchangers;matrix algebra;partial differential equations;exponential stability;boundary control systems;partial differential equations;variable coefficients;one dimensional spatial domain;flexible structures;traveling waves;heat exchangers;port Hamiltonian approach;matrix inequality;Control systems;Partial differential equations;Flexible structures;Bioreactors;Distributed parameter systems;Mathematics;Stability analysis;Linear matrix inequalities;Control system synthesis;Controllability;Boundary control systems (BCS);partial differential equations (PDEs)},
	doi={10.1109/TAC.2008.2007176},
	ISSN={2334-3303},
	month={Jan},}

@article{Blum1990,
	author="Blum, H.
	and Rannacher, R.",
	title="On mixed finite element methods in plate bending analysis",
	journal="Computational Mechanics",
	year="1990",
	month="May",
	day="01",
	volume="6",
	number="3",
	pages="221--236",
	issn="1432-0924",
	doi="10.1007/BF00350239",
}

@article{RafetsederSIAM,
	author = {Rafetseder, Katharina. and Zulehner, Walter.},
	title = {A Decomposition Result for Kirchhoff Plate Bending Problems and a New Discretization Approach},
	journal = {SIAM Journal on Numerical Analysis},
	volume = {56},
	number = {3},
	pages = {1961-1986},
	year = {2018},
	doi = {10.1137/17M1118427},
}

@article{pauly2016closed,
	title={On Closed and Exact Grad-grad-and div-Div-Complexes, Corresponding Compact Embeddings for Tensor Rotations, and a Related Decomposition Result for Biharmonic Problems in 3D},
	author={Pauly, Dirk and Zulehner, Walter},
	journal={arXiv preprint arXiv:1609.05873},
	year={2016}
}

@article{beattie2018linear,
	title={Linear port-{H}amiltonian descriptor systems},
	author={Beattie, C. and Mehrmann, V. and Xu, H. and Zwart, H.},
	journal={Mathematics of Control, Signals, and Systems},
	volume={30},
	number={4},
	pages={17},
	year={2018},
	publisher={Springer},
	url = {https://link.springer.com/article/10.1007%2Fs00498-018-0223-3}
}


@article{WeakForm_Kot,
	title = "Weak form of {S}tokes-{D}irac structures and geometric discretization of port-{H}amiltonian systems",
	journal = "Journal of Computational Physics",
	volume = "361",
	pages = "442 - 476",
	year = "2018",
	issn = "0021-9991",
	doi = "https://doi.org/10.1016/j.jcp.2018.02.006",
	author = "P. Kotyczka and B. Maschke and L. Lef√®vre",
}

@article{Golo,
author = {Golo, G. and Talasila, V. and van der Schaft, A. J. and Maschke, B.},
title = {{H}amiltonian Discretization of Boundary Control Systems},
journal = {Automatica},
issue_date = {May, 2004},
volume = {40},
number = {5},
month = may,
year = {2004},
pages = {757--771},
numpages = {15},
publisher = {Pergamon Press, Inc.},
address = {Tarrytown, NY, USA},
keywords = {Boundary control, Finite elements, Port-Hamiltonian systems, Spatial discretization},
doi = {http://dx.doi.org/10.1016/j.automatica.2003.12.017},
} 

@book{bookPHs,
	title = "Modeling and Control of Complex Physical Systems",
	keywords = "IR-71392, METIS-268955, System Theory, EWI-17302, Port Hamiltonian Systems, Geoplex, Control",
	author = "Duindam, V. and Macchelli, A. and Stramigioli, S. and Bruyninckx, H.",
	year = "2009",
	publisher = "Springer Verlag",
	url = "https://www.springer.com/us/book/9783642031953"
}


@article{moulla:hal-01625008,
	TITLE = {Pseudo-spectral methods for the spatial symplectic reduction of open systems of conservation laws},
	AUTHOR = {Moulla, R. and Lefevre, L. and Maschke, B.},
	JOURNAL = {{Journal of Computational Physics}},
	PUBLISHER = {{Elsevier}},
	VOLUME = {231},
	NUMBER = {4},
	PAGES = {1272-1292},
	YEAR = {2012},
	url = {https://doi.org/10.1016/j.jcp.2011.10.008},
	}


@inproceedings{CardosoRibeiro2018,
	booktitle = {6th IFAC Workshop on Lagrangian and Hamiltonian Methods for Nonlinear Control},
	title = {A structure-preserving Partitioned Finite Element Method for the 2D wave equation},
	author = {Cardoso-Ribeiro, F. L. and Matignon, D. and Lef{\`e}vre, L.},
	address = {Valpara{\'i}so, CL},
	year = {2018},
	pages = {1--6},
	keywords = {Distributed Parameter systems - Port-Hamiltonian systems, Finite Element Method - Geometric Discretization Methods - 2D Wave equation},
	url = {https://doi.org/10.1016/j.ifacol.2018.06.033}
}

@book{BookZwart,
	title = "Linear Port-{H}amiltonian Systems on Infinite-dimensional Spaces",
keywords = "EWI-22226, METIS-289681",
author = "Jacob, B. and Zwart, H.",
year = "2012",
doi = "10.1007/978-3-0348-0399-1",
series = "Operator Theory: Advances and Applications",
publisher = "Springer Verlag",
number = "223",
address = "Germany",
url = "https://link.springer.com/book/10.1007/978-3-0348-0399-1"
}

@article{BrugnoliKir,
	title = "Port-{H}amiltonian formulation and symplectic discretization of plate models. {P}art {II}: Kirchhoff model for thin plates",
	journal = "Applied Mathematical Modelling",
	volume = "75",
	pages = "961 - 981",
	year = "2019",
	issn = "0307-904X",
	doi = "https://doi.org/10.1016/j.apm.2019.04.036",
	author = "Brugnoli, A. and Alazard, D. and Budinger, V. and Matignon, D.",
}

@article{Bell,
	author = {K. Bell},
	title = {A refined triangular plate bending finite element},
	journal = {International Journal for Numerical Methods in Engineering},
	volume = {1},
	number = {1},
	pages = {101-122},
	doi = {10.1002/nme.1620010108},
	year = {1969},
}

@article{rathgeber2017firedrake,
	title={Firedrake: automating the finite element method by composing abstractions},
	author={Rathgeber, F. and Ham, D.A. and Mitchell, L. and Lange, M. and Luporini, F. and McRae, A. T.T. and Bercea, G.T. and Markall, G. R. and Kelly, P.H.J.},
	journal={ACM Transactions on Mathematical Software (TOMS)},
	volume={43},
	number={3},
	pages={24},
	year={2017},
	publisher={ACM}
}

@INPROCEEDINGS{MacchelliMindlin, 
	author={A. Macchelli and C. Melchiorri and L. Bassi}, 
	booktitle={Proceedings of the 44th IEEE Conference on Decision and Control}, 
	title={Port-based Modelling and Control of the {M}indlin Plate}, 
	year={2005}, 
	volume={}, 
	number={}, 
	pages={5989-5994}, 
	keywords={Boundary conditions;Damping;Distributed control;Distributed parameter systems;Elasticity;Electromagnetic heating;Fluid dynamics;Mechanical systems;Piezoelectricity;Power system interconnection}, 
	doi={10.1109/CDC.2005.1583120},
	ISSN={0191-2216}, 
	month={Dec},}

